,Date,Company_name,Company_number,Oper_income,Revenue,ROA,ROE,Capex_EBITDA,lagged_revenue_1,lagged_revenue_2,lagged_revenue_3,lagged_operincom_1,lagged_operincom_2,lagged_operincom_3,"Crude Oil Production, Total, (Thousand Barrels per Day)","Natural Gas Liquids Production, (Thousand Barrels per Day)","Petroleum Products Supplied,  (Thousand Barrels per Day)","Petroleum Stock Change, (Thousand Barrels per Day)",month,year,day_of_week,day_of_year
23,2016-12-31,CDEV.xlsx,1,-1.932,30.771,-0.1553679590891161,-0.17495768805849124,67.55890428736964,29.273,29.39,23.75,-1.775,0.056,-6.105,8874.755,3395.032,19289.554,778.953,12,2016,5,366
24,2017-03-31,CDEV.xlsx,1,7.653,60.7,0.0033685967769379512,0.0037242768320930814,3.0249562301551975,30.771,29.273,29.39,-1.932,-1.775,0.056,9101.383,3682.233,19621.157,-95.43,3,2017,4,90
25,2017-06-30,CDEV.xlsx,1,23.984,91.337,0.01122355797975613,0.012602601676156594,1.6921469913353195,60.7,30.771,29.273,7.653,-1.932,-1.775,9246.986,3822.097,20125.278,-374.882,6,2017,4,181
26,2017-09-30,CDEV.xlsx,1,26.977,112.001,0.019137015480555658,0.022413816317998367,2.2668962574246008,91.337,60.7,30.771,23.984,7.653,-1.932,9668.587,4019.742,19970.876,-1161.213,9,2017,5,273
27,2017-12-31,CDEV.xlsx,1,69.143,165.196992,0.025883286127946683,0.031264295867024214,5.134337512898282,112.001,91.337,60.7,26.977,23.984,7.653,10001.026,3852.968,20564.365,-405.156,12,2017,6,365
28,2018-03-31,CDEV.xlsx,1,88.228,216.259008,0.037691005089569685,0.04498567492207487,2.2955691852850793,165.196992,112.001,91.337,69.143,26.977,23.984,10499.861,4285.767,20038.353,118.572,3,2018,5,90
29,2018-06-30,CDEV.xlsx,1,81.834,222.926,0.045901993016536975,0.05550201437595545,0.753948207679551,216.259008,165.196992,112.001,88.228,69.143,26.977,10897.23,4451.677,20671.374,185.729,6,2018,5,181
30,2018-09-30,CDEV.xlsx,1,101.254,243.746,0.05919356866070699,0.07437208688790224,1.3820941592984144,222.926,216.259008,165.196992,81.834,88.228,69.143,11508.62,4587.677,20785.793,-520.494,9,2018,6,273
31,2018-12-31,CDEV.xlsx,1,69.503,228.724,0.06529242054957873,0.08666107140474186,2.8516545638921587,243.746,222.926,216.259008,101.254,81.834,88.228,11868.52,4554.065,20614.981,246.004,12,2018,0,365
32,2019-03-31,CDEV.xlsx,1,52.114,214.192,0.047963628746483924,0.06483239319389977,1.3744654242728926,228.724,243.746,222.926,69.503,101.254,81.834,12148.594,4790.233,20332.6,596.143,3,2019,6,90
33,2019-06-30,CDEV.xlsx,1,65.089,250.627008,0.042922205470529794,0.058557853865178276,1.1875974953368187,214.192,228.724,243.746,52.114,69.503,101.254,11902.106,4707.323,20734.572,158.326,6,2019,6,181
34,2019-09-30,CDEV.xlsx,1,22.104,220.912,0.025725161441576605,0.0353580262191484,1.4632382266248627,250.627008,214.192,228.724,65.089,52.114,69.503,12809.474,5022.258,20713.986,-531.711,9,2019,0,273
35,2019-12-31,CDEV.xlsx,1,45.769,252.944,0.02246062869862965,0.03160982332292643,1.7919452125412954,220.912,250.627008,214.192,22.104,65.089,52.114,12852.266,5205.774,19933.39,581.083,12,2019,1,365
36,2020-03-31,CDEV.xlsx,1,19.001,192.716,0.004973750858783375,0.007343064737324274,1.2997237923720333,252.944,220.912,250.627008,45.769,22.104,65.089,11913.743,4934.267,14548.505,2657.878,3,2020,1,91
37,2020-06-30,CDEV.xlsx,1,-74.097,83.615,-0.020237719535622308,-0.029562334978149436,5.352324787991032,192.716,252.944,220.912,19.001,45.769,22.104,11005.949,5367.581,18381.073,-116.069,6,2020,1,182
42,2012-03-31,COG.xlsx,2,47.196,272.136,0.021071324595674415,0.044397672077456714,1.1886936299989852,268.04,262.180992,241.599008,71.65,61.443,73.45,6320.018,2378.833,18162.625,73.839,3,2012,5,91
43,2012-06-30,COG.xlsx,2,10.718,265.999008,0.011463506333229874,0.02422874883110039,1.745870035422087,272.136,268.04,262.180992,47.196,71.65,61.443,6431.241,2326.581,18540.192,60.797,6,2012,5,182
44,2012-09-30,COG.xlsx,2,76.05,297.023008,0.01346281500548343,0.029097442344375165,1.3755761532880981,265.999008,272.136,268.04,10.718,47.196,71.65,6969.575,2506.774,18707.948,-311.896,9,2012,6,274
45,2012-12-31,COG.xlsx,2,122.07,369.924,0.02259593098790508,0.04772751246101086,1.0826712493091761,297.023008,265.999008,272.136,76.05,10.718,47.196,7083.902,2378.742,18735.783,98.436,12,2012,0,366
46,2013-03-31,COG.xlsx,2,87.11,373.284992,0.027578946236798966,0.05901600005278885,1.099336567227246,369.924,297.023008,265.999008,122.07,76.05,10.718,7374.717,2513.2,18594.266,468.871,3,2013,6,90
47,2013-06-30,COG.xlsx,2,164.46,449.68,0.046581888994820984,0.09941662780971611,0.8329924851098182,373.284992,369.924,297.023008,87.11,122.07,76.05,7522.913,2618.387,19259.928,-35.322,6,2013,6,181
48,2013-09-30,COG.xlsx,2,127.111,435.849984,0.05255924988244426,0.11290666575688549,1.0756053545936919,449.68,373.284992,369.924,164.46,87.11,122.07,7761.289,2766.452,19322.771,-766.779,9,2013,0,273
49,2013-12-31,COG.xlsx,2,150.448,487.463008,0.05562052171715113,0.12311023533254917,1.0534097011433576,435.849984,449.68,373.284992,127.111,164.46,87.11,8078.372,2695.484,19102.562,-437.69,12,2013,1,365
50,2014-03-31,COG.xlsx,2,195.772,509.803008,0.06749280423863621,0.1511150377125983,0.9869197127226451,487.463008,435.849984,449.68,150.448,127.111,164.46,8527.393,2950.2,18834.401,930.656,3,2014,0,90
51,2014-06-30,COG.xlsx,2,214.478,533.187008,0.07113345048284969,0.15517145478553718,0.7520004892364119,509.803008,487.463008,435.849984,195.772,150.448,127.111,8847.519,3114.806,19247.071,140.575,6,2014,0,181
52,2014-09-30,COG.xlsx,2,118.389,512.016992,0.06468291788206951,0.14931742004758883,1.271546135055895,533.187008,509.803008,487.463008,214.478,195.772,150.448,9266.317,3196.323,19700.626,-198.734,9,2014,1,273
53,2014-12-31,COG.xlsx,2,112.145,618.003968,0.09695402318055477,0.2323594138587499,1.8008848210480324,512.016992,533.187008,509.803008,118.389,214.478,195.772,9383.585,3054.774,19272.857,697.511,12,2014,2,365
54,2015-03-31,COG.xlsx,2,95.425152,464.764992,0.06959546550906157,0.16689953967980317,1.4588766284087875,618.003968,512.016992,533.187008,112.145,118.389,214.478,9658.484,3375.333,19260.905,858.02,3,2015,1,90
55,2015-06-30,COG.xlsx,2,-11.996308,306.296992,0.04238650341679254,0.09985417529725558,1.7786553325686834,464.764992,618.003968,512.016992,95.425152,112.145,118.389,9445.372,3355.065,20118.767,-56.295,6,2015,1,181
56,2015-09-30,COG.xlsx,2,-4.78,305.296,0.030589981720675296,0.07696169895101758,1.252253794447709,306.296992,464.764992,618.003968,-11.996308,95.425152,112.145,9400.599,3488.516,19469.679,264.394,9,2015,2,273
57,2015-12-31,COG.xlsx,2,-42.848,280.792,0.008744417426522766,0.022515943425141786,1.2684812198676982,305.296,306.296992,464.764992,-4.78,-11.996308,95.425152,9201.996,3344.774,19062.961,1020.325,12,2015,3,365
58,2016-03-31,COG.xlsx,2,-72.749,281.940992,-0.016616457955535607,-0.03640019184032325,1.034766317395499,280.792,305.296,306.296992,-42.848,-4.78,-11.996308,8873.962,3570.4,19346.261,355.095,3,2016,3,91
59,2016-06-30,COG.xlsx,2,-69.504,246.816,-0.018965750633644144,-0.04181396565263332,0.8607312665803741,281.940992,280.792,305.296,-72.749,-42.848,-4.78,8662.136,3603.839,19753.69,571.888,6,2016,3,182
60,2016-09-30,COG.xlsx,2,2.909,310.428992,-0.02263824962530412,-0.05002949448007869,0.6067036646772146,246.816,281.940992,280.792,-69.504,-72.749,-42.848,8803.808,3544.323,19684.138,23.902,9,2016,4,274
61,2016-12-31,COG.xlsx,2,-6.367,316.491008,-0.021908068946251684,-0.04966500454362666,0.9592809272882855,310.428992,246.816,281.940992,2.909,-69.504,-72.749,8874.755,3395.032,19289.554,778.953,12,2016,5,366
62,2017-03-31,COG.xlsx,2,190.343008,517.843008,0.005895367878631599,0.011420001532973557,0.6403087326429824,316.491008,310.428992,246.816,-6.367,2.909,-69.504,9101.383,3682.233,19621.157,-95.43,3,2017,4,90
63,2017-06-30,COG.xlsx,2,127.398,460.456992,0.023130905812747817,0.0452169492840152,0.6806602090387163,517.843008,316.491008,310.428992,190.343008,-6.367,2.909,9246.986,3822.097,20125.278,-374.882,6,2017,4,181
64,2017-09-30,COG.xlsx,2,50.2,385.416,0.03223215571372536,0.06238682731589069,0.9847963888165895,460.456992,517.843008,316.491008,127.398,190.343008,-6.367,9668.587,4019.742,19970.876,-1161.213,9,2017,5,273
65,2017-12-31,COG.xlsx,2,69.416,400.503008,0.04529090159678871,0.08761762748396057,0.8362738632941884,385.416,460.456992,517.843008,50.2,127.398,190.343008,10001.026,3852.968,20564.365,-405.156,12,2017,6,365
66,2018-03-31,COG.xlsx,2,218.092992,473.227008,0.05388577236238283,0.10308653966927572,0.5204732385935225,400.503008,385.416,460.456992,69.416,50.2,127.398,10499.861,4285.767,20038.353,118.572,3,2018,5,90
67,2018-06-30,COG.xlsx,2,77.513,453.447008,0.05307230541839398,0.10640751386589589,1.422298496035734,473.227008,400.503008,385.416,218.092992,69.416,50.2,10897.23,4451.677,20671.374,185.729,6,2018,5,181
68,2018-09-30,COG.xlsx,2,150.396,545.172992,0.07167177993015084,0.1407773154560134,0.9582572320744713,453.447008,473.227008,400.503008,77.513,218.092992,69.416,11508.62,4587.677,20785.793,-520.494,9,2018,6,273
69,2018-12-31,COG.xlsx,2,342.153984,716.300992,0.11275884292768837,0.21823308458350565,0.5238755932760923,545.172992,453.447008,473.227008,150.396,77.513,218.092992,11868.52,4554.065,20614.981,246.004,12,2018,0,365
70,2019-03-31,COG.xlsx,2,354.459008,641.681024,0.15018685075453742,0.28655534931106236,0.4350513844938285,716.300992,545.172992,453.447008,342.153984,150.396,77.513,12148.594,4790.233,20332.6,596.143,3,2019,6,90
71,2019-06-30,COG.xlsx,2,252.928992,534.116992,0.17263934203336445,0.34383903911161023,0.6414808166418614,641.681024,716.300992,545.172992,354.459008,342.153984,150.396,11902.106,4707.323,20734.572,158.326,6,2019,6,181
72,2019-09-30,COG.xlsx,2,130.139,429.111008,0.18235252622388962,0.3649701413292759,0.826443400766716,534.116992,641.681024,716.300992,252.928992,354.459008,342.153984,12809.474,5022.258,20713.986,-531.711,9,2019,0,273
73,2019-12-31,COG.xlsx,2,155.795008,461.368,0.15596804430395117,0.31954318057169695,0.6333602786192933,429.111008,534.116992,641.681024,130.139,252.928992,354.459008,12852.266,5205.774,19933.39,581.083,12,2019,1,365
74,2020-03-31,COG.xlsx,2,86.33,386.456992,0.0933865991643406,0.1872943637066678,0.7920213049267643,461.368,429.111008,534.116992,155.795008,130.139,252.928992,11913.743,4934.267,14548.505,2657.878,3,2020,1,91
75,2020-06-30,COG.xlsx,2,53.957,332.348,0.0630491146368714,0.12707710767363076,1.228174790344542,386.456992,461.368,429.111008,86.33,155.795008,130.139,11005.949,5367.581,18381.073,-116.069,6,2020,1,182
80,2012-03-31,CNX.xlsx,3,176.696992,1426.770048,0.05033224681082917,0.18104615128842735,0.9229078555854043,1458.656,1499.798016,1563.006976,212.499008,252.62,270.028992,6320.018,2378.833,18162.625,73.839,3,2012,5,91
81,2012-06-30,CNX.xlsx,3,94.789,1248.948992,0.04283211988981487,0.14983341076526055,1.6409158214869157,1426.770048,1458.656,1499.798016,176.696992,212.499008,252.62,6431.241,2326.581,18540.192,60.797,6,2012,5,182
82,2012-09-30,CNX.xlsx,3,29.88,1125.392,0.029912112211610588,0.10236307995964657,2.3815257924988233,1248.948992,1426.770048,1458.656,94.789,176.696992,212.499008,6969.575,2506.774,18707.948,-311.896,9,2012,6,274
83,2012-12-31,CNX.xlsx,3,5.5,821.664,0.0150269392686695,0.05070103930622223,0.8053207895031576,1125.392,1248.948992,1426.770048,29.88,94.789,176.696992,7083.902,2378.742,18735.783,98.436,12,2012,0,366
84,2013-03-31,CNX.xlsx,3,24.336,812.249984,0.005608706177153415,0.01823712270802807,2.5738113218652976,821.664,1125.392,1248.948992,5.5,29.88,94.789,7374.717,2513.2,18594.266,468.871,3,2013,6,90
85,2013-06-30,CNX.xlsx,3,36.555,769.608,-0.0017996298706178667,-0.005778136956064082,2.448146326770899,812.249984,821.664,1125.392,24.336,5.5,29.88,7522.913,2618.387,19259.928,-35.322,6,2013,6,181
86,2013-09-30,CNX.xlsx,3,39.221,762.659968,-0.009153706276396363,-0.02985609090003678,1.9985536378332784,769.608,812.249984,821.664,36.555,24.336,5.5,7761.289,2766.452,19322.771,-766.779,9,2013,0,273
87,2013-12-31,CNX.xlsx,3,20.839,776.204032,0.006377341082388862,0.017360489688150245,3.3727535843045193,762.659968,769.608,812.249984,39.221,36.555,24.336,8078.372,2695.484,19102.562,-437.69,12,2013,1,365
88,2014-03-31,CNX.xlsx,3,122.387,910.430016,0.012701932451625842,0.03387854985524777,1.7932548623831965,776.204032,762.659968,769.608,20.839,39.221,36.555,8527.393,2950.2,18834.401,930.656,3,2014,0,90
89,2014-06-30,CNX.xlsx,3,43.373,865.976,0.01653625605457948,0.04426428679388105,2.03167624343528,910.430016,776.204032,762.659968,122.387,20.839,39.221,8847.519,3114.806,19247.071,140.575,6,2014,0,181
90,2014-09-30,CNX.xlsx,3,20.041,836.302976,0.02306483719661611,0.0612274242605935,2.106101739120126,865.976,910.430016,776.204032,43.373,122.387,20.839,9266.317,3196.323,19700.626,-198.734,9,2014,1,273
91,2014-12-31,CNX.xlsx,3,96.444,863.390976,0.016745540542943152,0.037511832178378314,1.210923499961593,836.302976,865.976,910.430016,20.041,43.373,122.387,9383.585,3054.774,19272.857,697.511,12,2014,2,365
92,2015-03-31,CNX.xlsx,3,54.795,693.982016,-0.004924168971347651,-0.011073854234608828,1.407326996048977,863.390976,836.302976,865.976,96.444,20.041,43.373,9658.484,3375.333,19260.905,858.02,3,2015,1,90
93,2015-06-30,CNX.xlsx,3,-46.208,531.511008,-0.012882265138844544,-0.02984499484875558,3.588477987968714,693.982016,863.390976,836.302976,54.795,96.444,20.041,9445.372,3355.065,20118.767,-56.295,6,2015,1,181
94,2015-09-30,CNX.xlsx,3,20.43,535.278016,-0.021751277627664017,-0.04988167349972116,1.4812702512046103,531.511008,693.982016,863.390976,-46.208,54.795,96.444,9400.599,3488.516,19469.679,264.394,9,2015,2,273
95,2015-12-31,CNX.xlsx,3,17.161,550.678976,-0.02617956393656944,-0.05921350909295809,0.7551559732562586,535.278016,531.511008,693.982016,20.43,-46.208,54.795,9201.996,3344.774,19062.961,1020.325,12,2015,3,365
96,2016-03-31,CNX.xlsx,3,-25.892,521.244,-0.022187166419920957,-0.050485254846436234,0.6015368408006445,550.678976,535.278016,531.511008,17.161,20.43,-46.208,8873.962,3570.4,19346.261,355.095,3,2016,3,91
97,2016-06-30,CNX.xlsx,3,-45.556,526.411008,-0.023559270399448936,-0.055603020696356024,0.41935447894361166,521.244,550.678976,535.278016,-25.892,17.161,20.43,8662.136,3603.839,19753.69,571.888,6,2016,3,182
98,2016-09-30,CNX.xlsx,3,-44.179,538.427008,-0.018632596944599504,-0.04353979276161099,1.216481457261315,526.411008,521.244,550.678976,-45.556,-25.892,17.161,8803.808,3544.323,19684.138,23.902,9,2016,4,274
99,2016-12-31,CNX.xlsx,3,5.516,294.676,-0.02943876648731961,-0.06964378826972291,0.0,538.427008,526.411008,521.244,-44.179,-45.556,-25.892,8874.755,3395.032,19289.554,778.953,12,2016,5,366
100,2017-03-31,CNX.xlsx,3,15.889,279.639008,-0.027967530232559403,-0.0662251703991054,0.9314761533428344,294.676,538.427008,526.411008,5.516,-44.179,-45.556,9101.383,3682.233,19621.157,-95.43,3,2017,4,90
101,2017-06-30,CNX.xlsx,3,-151.328992,238.336992,-0.03607652255526689,-0.08407917588222028,-2.446681968201846,279.639008,294.676,538.427008,15.889,5.516,-44.179,9246.986,3822.097,20125.278,-374.882,6,2017,4,181
102,2017-09-30,CNX.xlsx,3,-8.502,265.496992,-0.03575510548331258,-0.08207412641131316,1.5987765883497844,238.336992,279.639008,294.676,-151.328992,15.889,5.516,9668.587,4019.742,19970.876,-1161.213,9,2017,5,273
103,2017-12-31,CNX.xlsx,3,26.088,354.374016,0.01301762959690736,0.027244333884470496,1.5698442786467675,265.496992,238.336992,279.639008,-8.502,-151.328992,15.889,10001.026,3852.968,20564.365,-405.156,12,2017,6,365
104,2018-03-31,CNX.xlsx,3,111.177,432.940992,-0.013599479234815167,-0.02882577277047006,0.9857575007208155,354.374016,265.496992,238.336992,26.088,-8.502,-151.328992,10499.861,4285.767,20038.353,118.572,3,2018,5,90
105,2018-06-30,CNX.xlsx,3,117.321,402.566016,-0.003870531332646327,-0.008080876657858376,1.1174494940949544,432.940992,354.374016,265.496992,111.177,26.088,-8.502,10897.23,4451.677,20671.374,185.729,6,2018,5,181
106,2018-09-30,CNX.xlsx,3,108.659,378.041984,0.004523193317508597,0.009432619661143922,1.3032762832757925,402.566016,432.940992,354.374016,117.321,111.177,26.088,11508.62,4587.677,20785.793,-520.494,9,2018,6,273
107,2018-12-31,CNX.xlsx,3,165.619008,468.387008,0.025159531224362416,0.04745874063015572,1.0898536142046955,378.041984,402.566016,432.940992,108.659,117.321,111.177,11868.52,4554.065,20614.981,246.004,12,2018,0,365
108,2019-03-31,CNX.xlsx,3,128.382,429.228,0.030768415790910858,0.060746329946803554,1.1354725942121406,468.387008,378.041984,402.566016,165.619008,108.659,117.321,12148.594,4790.233,20332.6,596.143,3,2019,6,90
109,2019-06-30,CNX.xlsx,3,485.319008,813.017984,0.023698992862980984,0.04763276760904851,0.5178487767037048,429.228,468.387008,378.041984,128.382,165.619008,108.659,11902.106,4707.323,20734.572,158.326,6,2019,6,181
110,2019-09-30,CNX.xlsx,3,76.398,351.156,0.01973681714366261,0.039483129975407524,1.5378213560252538,813.017984,429.228,468.387008,485.319008,128.382,165.619008,12809.474,5022.258,20713.986,-531.711,9,2019,0,273
111,2019-12-31,CNX.xlsx,3,63.991,412.208992,0.004033774789529512,0.008386796165426121,1.0436164784685493,351.156,813.017984,429.228,76.398,485.319008,128.382,12852.266,5205.774,19933.39,581.083,12,2019,1,365
112,2020-03-31,CNX.xlsx,3,144.076992,429.014016,0.019396930763657005,0.04169098732794103,0.5564647928082475,412.208992,351.156,813.017984,63.991,76.398,485.319008,11913.743,4934.267,14548.505,2657.878,3,2020,1,91
113,2020-06-30,CNX.xlsx,3,92.007,350.646016,0.005222742109229635,0.011300981184265254,0.6560481046158637,429.014016,412.208992,351.156,144.076992,63.991,76.398,11005.949,5367.581,18381.073,-116.069,6,2020,1,182
119,2012-06-30,FANG.xlsx,4,2.199,13.922,0.0,0.0,3.053392083337132,14.986,14.16911,10.963589,5.372,4.732709,2.804319,6431.241,2326.581,18540.192,60.797,6,2012,5,182
120,2012-09-30,FANG.xlsx,4,3.19,15.918,0.046755391429234926,0.10496988288812514,2.805609350460275,13.922,14.986,14.16911,2.199,5.372,4.732709,6969.575,2506.774,18707.948,-311.896,9,2012,6,274
121,2012-12-31,FANG.xlsx,4,1.358085,25.53492,-0.08928456666975945,-0.13250488681790817,2.850362584445258,15.918,13.922,14.986,3.19,2.199,5.372,7083.902,2378.742,18735.783,98.436,12,2012,0,366
122,2013-03-31,FANG.xlsx,4,7.119,27.366,-0.08760628421482337,-0.13627616557476796,4.133617068936552,25.53492,15.918,13.922,1.358085,3.19,2.199,7374.717,2513.2,18594.266,468.871,3,2013,6,90
123,2013-06-30,FANG.xlsx,4,18.527,44.538,-0.0641936397283082,-0.0923957150482905,1.938276048227461,27.366,25.53492,15.918,7.119,1.358085,3.19,7522.913,2618.387,19259.928,-35.322,6,2013,6,181
124,2013-09-30,FANG.xlsx,4,26.208,54.576,-0.023653526811236128,-0.04427620248919792,15.848938231991017,44.538,27.366,25.53492,18.527,7.119,1.358085,7761.289,2766.452,19322.771,-766.779,9,2013,0,273
125,2013-12-31,FANG.xlsx,4,36.122,74.304,0.04811975797506781,0.0783215787388625,1.7550340625679994,54.576,44.538,27.366,26.208,18.527,7.119,8078.372,2695.484,19102.562,-437.69,12,2013,1,365
126,2014-03-31,FANG.xlsx,4,47.007,96.948,0.0534409134511248,0.08908386841941505,5.112375070530905,74.304,54.576,44.538,36.122,26.208,18.527,8527.393,2950.2,18834.401,930.656,3,2014,0,90
127,2014-06-30,FANG.xlsx,4,60.98,123.384,0.06539446254858355,0.10672696184949791,1.2375422025524498,96.948,74.304,54.576,47.007,36.122,26.208,8847.519,3114.806,19247.071,140.575,6,2014,0,181
128,2014-09-30,FANG.xlsx,4,61.993,137.596,0.05242640191988163,0.0900304166804892,6.81412613283906,123.384,96.948,74.304,60.98,47.007,36.122,9266.317,3196.323,19700.626,-198.734,9,2014,1,273
129,2014-12-31,FANG.xlsx,4,54.522152,148.22,0.052678577740517984,0.09196426617463693,1.7781934461377382,137.596,123.384,96.948,61.993,60.98,47.007,9383.585,3054.774,19272.857,697.511,12,2014,2,365
130,2015-03-31,FANG.xlsx,4,44.997,144.960992,0.04869731359673681,0.08068253222954709,1.4669832814261419,148.22,137.596,123.384,54.522152,61.993,60.98,9658.484,3375.333,19260.905,858.02,3,2015,1,90
131,2015-06-30,FANG.xlsx,4,49.633,144.364992,0.0428021932584004,0.06973090514469717,4.916517610021644,144.960992,148.22,137.596,44.997,54.522152,61.993,9445.372,3355.065,20118.767,-56.295,6,2015,1,181
132,2015-09-30,FANG.xlsx,4,54.377,147.45,0.035432751521997596,0.05455133335160332,1.0020327488009593,144.364992,144.960992,148.22,49.633,44.997,54.522152,9400.599,3488.516,19469.679,264.394,9,2015,2,273
133,2015-12-31,FANG.xlsx,4,71.059,154.826,0.011258937306186585,0.018147865875379202,0.9767574075312688,147.45,144.364992,144.960992,54.377,49.633,44.997,9201.996,3344.774,19062.961,1020.325,12,2015,3,365
134,2016-03-31,FANG.xlsx,4,8.33,92.598,0.0101163319832704,0.015298501182905716,2.1127403321494476,154.826,147.45,144.364992,71.059,54.377,49.633,8873.962,3570.4,19346.261,355.095,3,2016,3,91
135,2016-06-30,FANG.xlsx,4,27.484,111.95,0.008069545581616483,0.012221177653180725,1.0876252690965778,92.598,154.826,147.45,8.33,71.059,54.377,8662.136,3603.839,19753.69,571.888,6,2016,3,182
136,2016-09-30,FANG.xlsx,4,52.661,141.74,0.012194053160258884,0.017384955514359528,8.244469001201146,111.95,92.598,154.826,27.484,8.33,71.059,8803.808,3544.323,19684.138,23.902,9,2016,4,274
137,2016-12-31,FANG.xlsx,4,84.039,181.996,0.034726190202294505,0.05047085886502536,1.5304428816263815,141.74,111.95,92.598,52.661,27.484,8.33,8874.755,3395.032,19289.554,778.953,12,2016,5,366
138,2017-03-31,FANG.xlsx,4,114.724,233.556,0.04948661845894396,0.06817560248633173,11.205502615238554,181.996,141.74,111.95,84.039,52.661,27.484,9101.383,3682.233,19621.157,-95.43,3,2017,4,90
139,2017-06-30,FANG.xlsx,4,136.938,274.119008,0.07096901270458138,0.10078332265649557,1.8768709637172625,233.556,181.996,141.74,114.724,84.039,52.661,9246.986,3822.097,20125.278,-374.882,6,2017,4,181
140,2017-09-30,FANG.xlsx,4,150.639008,309.252992,0.0796929307456927,0.11624127165514261,2.290078768187123,274.119008,233.556,181.996,136.938,114.724,84.039,9668.587,4019.742,19970.876,-1161.213,9,2017,5,273
141,2017-12-31,FANG.xlsx,4,209.311008,394.911008,0.0775635022443155,0.11367829674826778,1.0947774659998275,309.252992,274.119008,233.556,150.639008,136.938,114.724,10001.026,3852.968,20564.365,-405.156,12,2017,6,365
142,2018-03-31,FANG.xlsx,4,235.339008,445.847008,0.07902624368822456,0.11454575141057052,1.3874598305553234,394.911008,309.252992,274.119008,209.311008,150.639008,136.938,10499.861,4285.767,20038.353,118.572,3,2018,5,90
143,2018-06-30,FANG.xlsx,4,236.0,480.0,0.08561151997618376,0.12894651826250486,1.9864701791221049,445.847008,394.911008,309.252992,235.339008,209.311008,150.639008,10897.23,4451.677,20671.374,185.729,6,2018,5,181
144,2018-09-30,FANG.xlsx,4,230.0,496.0,0.08279208463008333,0.1306571251143497,1.199468085106383,480.0,445.847008,394.911008,236.0,235.339008,209.311008,11508.62,4587.677,20785.793,-520.494,9,2018,6,273
145,2018-12-31,FANG.xlsx,4,227.072992,625.833024,0.04710297026606148,0.07297914509030706,3.762416828680074,496.0,480.0,445.847008,230.0,236.0,235.339008,11868.52,4554.065,20614.981,246.004,12,2018,0,365
146,2019-03-31,FANG.xlsx,4,336.0,879.0,0.05044938625594399,0.08016367200830551,1.13595166163142,625.833024,496.0,480.0,227.072992,230.0,236.0,12148.594,4790.233,20332.6,596.143,3,2019,6,90
147,2019-06-30,FANG.xlsx,4,416.0,1023.0,0.051183494766874484,0.08374089104806115,1.0485312899106003,879.0,625.833024,496.0,336.0,227.072992,230.0,11902.106,4707.323,20734.572,158.326,6,2019,6,181
148,2019-09-30,FANG.xlsx,4,360.0,984.0,0.05372784715940873,0.08969152599378143,1.6434427103825138,1023.0,879.0,625.833024,416.0,336.0,227.072992,12809.474,5022.258,20713.986,-531.711,9,2019,0,273
149,2019-12-31,FANG.xlsx,4,420.0,1116.0,0.05030283171651384,0.0842354134671065,1.123020706455542,984.0,1023.0,879.0,360.0,416.0,336.0,12852.266,5205.774,19933.39,581.083,12,2019,1,365
150,2020-03-31,FANG.xlsx,4,294.0,984.0,0.04627020602286238,0.07941727165162762,1.1954674220963173,1116.0,984.0,1023.0,420.0,360.0,416.0,11913.743,4934.267,14548.505,2657.878,3,2020,1,91
151,2020-06-30,FANG.xlsx,4,93.0,633.0,0.03774983770819446,0.06644631399234649,1.2659090909090909,984.0,1116.0,984.0,294.0,420.0,360.0,11005.949,5367.581,18381.073,-116.069,6,2020,1,182
156,2012-03-31,AR.xlsx,5,48.915,92.034,0.011539289364259056,0.022133755264534025,0.9057397658118079,161.092,132.412,114.714,50.989,43.738,33.516,6320.018,2378.833,18162.625,73.839,3,2012,5,91
157,2012-06-30,AR.xlsx,5,0.0,0.0,0.0,0.0,0.0,92.034,161.092,132.412,48.915,50.989,43.738,6431.241,2326.581,18540.192,60.797,6,2012,5,182
158,2012-09-30,AR.xlsx,5,0.0,0.0,0.0,0.0,0.0,0.0,92.034,161.092,0.0,48.915,50.989,6969.575,2506.774,18707.948,-311.896,9,2012,6,274
159,2012-12-31,AR.xlsx,5,0.0,0.0,0.0,0.0,0.0,0.0,0.0,92.034,0.0,0.0,48.915,7083.902,2378.742,18735.783,98.436,12,2012,0,366
163,2013-12-31,AR.xlsx,5,96.046,656.014016,0.0,0.0,3.58237742800513,269.588,205.807008,181.526,110.879,71.852,73.159,8078.372,2695.484,19102.562,-437.69,12,2013,1,365
164,2014-03-31,AR.xlsx,5,145.176,416.064992,-0.035079854940220076,-0.07634624352839559,3.0914890064389646,656.014016,269.588,205.807008,96.046,110.879,71.852,8527.393,2950.2,18834.401,930.656,3,2014,0,90
165,2014-06-30,AR.xlsx,5,120.419,436.056992,-0.025899448067231576,-0.06312973773522014,4.352263500411719,416.064992,656.014016,269.588,145.176,96.046,110.879,8847.519,3114.806,19247.071,140.575,6,2014,0,181
166,2014-09-30,AR.xlsx,5,76.966,510.966016,-0.01741697936014654,-0.046373365403241176,5.461700599276906,436.056992,416.064992,656.014016,120.419,145.176,96.046,9266.317,3196.323,19700.626,-198.734,9,2014,1,273
167,2014-12-31,AR.xlsx,5,141.55,585.126976,0.012591755884132801,0.028688827040432713,4.246932978865361,510.966016,436.056992,416.064992,76.966,120.419,145.176,9383.585,3054.774,19272.857,697.511,12,2014,2,365
168,2015-03-31,AR.xlsx,5,142.522,654.972992,0.020405163327634354,0.04509769985002041,2.370153144859664,585.126976,510.966016,436.056992,141.55,76.966,120.419,9658.484,3375.333,19260.905,858.02,3,2015,1,90
169,2015-06-30,AR.xlsx,5,62.634,574.820992,0.007477332335132227,0.017600360027177134,2.529043617340309,654.972992,585.126976,510.966016,142.522,141.55,76.966,9445.372,3355.065,20118.767,-56.295,6,2015,1,181
170,2015-09-30,AR.xlsx,5,76.717,570.182976,0.0022252769843555706,0.005347080235068698,1.918845884543188,574.820992,654.972992,585.126976,62.634,142.522,141.55,9400.599,3488.516,19469.679,264.394,9,2015,2,273
171,2015-12-31,AR.xlsx,5,126.336,629.952,0.007266607914079376,0.018119515132344857,1.5938742435444655,570.182976,574.820992,654.972992,76.717,62.634,142.522,9201.996,3344.774,19062.961,1020.325,12,2015,3,365
172,2016-03-31,AR.xlsx,5,138.698,765.427008,0.004972119778403391,0.011675027241409206,1.5417252985462777,629.952,570.182976,574.820992,126.336,76.717,62.634,8873.962,3570.4,19346.261,355.095,3,2016,3,91
173,2016-06-30,AR.xlsx,5,109.142,727.936,0.007435719282995629,0.016940325061512374,1.417235409801904,765.427008,629.952,570.182976,138.698,126.336,76.717,8662.136,3603.839,19753.69,571.888,6,2016,3,182
174,2016-09-30,AR.xlsx,5,145.463008,782.881024,0.009932572296472193,0.022672992801040414,2.8448686341989085,727.936,765.427008,629.952,109.142,138.698,126.336,8803.808,3544.323,19684.138,23.902,9,2016,4,274
175,2016-12-31,AR.xlsx,5,215.396992,887.910016,0.010329877058112705,0.024061605305827172,1.297229599853828,782.881024,727.936,765.427008,145.463008,109.142,138.698,8874.755,3395.032,19289.554,778.953,12,2016,5,366
176,2017-03-31,AR.xlsx,5,134.316,801.652992,0.010734493213825698,0.022866661584476217,1.5287578504632333,887.910016,782.881024,727.936,215.396992,145.463008,109.142,9101.383,3682.233,19621.157,-95.43,3,2017,4,90
177,2017-06-30,AR.xlsx,5,84.365,735.811968,0.006971251657101424,0.01455021866523514,2.115032998364757,801.652992,887.910016,782.881024,134.316,215.396992,145.463008,9246.986,3822.097,20125.278,-374.882,6,2017,4,181
178,2017-09-30,AR.xlsx,5,96.384,775.315968,0.002158318027173607,0.0044690948288426255,1.715920592923685,735.811968,801.652992,887.910016,84.365,134.316,215.396992,9668.587,4019.742,19970.876,-1161.213,9,2017,5,273
179,2017-12-31,AR.xlsx,5,185.108,919.843968,0.016995803546788084,0.03480936633354955,1.249581422001355,775.315968,735.811968,801.652992,96.384,84.365,134.316,10001.026,3852.968,20564.365,-405.156,12,2017,6,365
180,2018-03-31,AR.xlsx,5,291.742016,1122.813056,0.008155616078808551,0.015626511898603323,1.0485657260945385,919.843968,775.315968,735.811968,185.108,96.384,84.365,10499.861,4285.767,20038.353,118.572,3,2018,5,90
181,2018-06-30,AR.xlsx,5,134.366,1014.118016,0.009254260077417302,0.018332726778216204,1.5090775844509485,1122.813056,919.843968,775.315968,291.742016,185.108,96.384,10897.23,4451.677,20671.374,185.729,6,2018,5,181
182,2018-09-30,AR.xlsx,5,225.163008,1074.638976,0.015378993421142085,0.0302771182649676,1.209271717903893,1014.118016,1122.813056,919.843968,134.366,291.742016,185.108,11508.62,4587.677,20785.793,-520.494,9,2018,6,273
183,2018-12-31,AR.xlsx,5,293.868992,1242.779008,0.03334916608465483,0.06490799156884494,0.9583354663913091,1074.638976,1014.118016,1122.813056,225.163008,134.366,291.742016,11868.52,4554.065,20614.981,246.004,12,2018,0,365
184,2019-03-31,AR.xlsx,5,243.636,1211.867008,0.011028384868049525,0.02189857611684661,0.6391248665881175,1242.779008,1074.638976,1014.118016,293.868992,225.163008,134.366,12148.594,4790.233,20332.6,596.143,3,2019,6,90
185,2019-06-30,AR.xlsx,5,-46.178,1015.936,0.00729274914971437,0.014689434068119128,0.7219506656746719,1211.867008,1242.779008,1074.638976,243.636,293.868992,225.163008,11902.106,4707.323,20734.572,158.326,6,2019,6,181
186,2019-09-30,AR.xlsx,5,-37.332,1018.096,-0.0058658875192375975,-0.012190878988923457,0.5860221537618668,1015.936,1211.867008,1242.779008,-46.178,243.636,293.868992,12809.474,5022.258,20713.986,-531.711,9,2019,0,273
187,2019-12-31,AR.xlsx,5,-74.553,1023.908992,-0.008062166036500258,-0.01691968452738164,0.8958285032789299,1018.096,1015.936,1211.867008,-37.332,-46.178,243.636,12852.266,5205.774,19933.39,581.083,12,2019,1,365
188,2020-03-31,AR.xlsx,5,124.77,962.198016,-0.018891121526494675,-0.04037610445513922,0.4363841396336896,1023.908992,1018.096,1015.936,-74.553,-37.332,-46.178,11913.743,4934.267,14548.505,2657.878,3,2020,1,91
189,2020-06-30,AR.xlsx,5,-96.802,966.838016,-0.021680818812848366,-0.046541539524918005,0.5230406385836307,962.198016,1023.908992,1018.096,124.77,-74.553,-37.332,11005.949,5367.581,18381.073,-116.069,6,2020,1,182
194,2012-03-31,TALO.xlsx,6,85.412,244.956992,0.09803134515168818,0.3412634206260377,0.6316835696055078,223.616,206.312,234.836,75.281,72.412,91.257,6320.018,2378.833,18162.625,73.839,3,2012,5,91
195,2012-06-30,TALO.xlsx,6,50.74,221.144992,0.07923909316204933,0.2508219628953903,1.2354486946943168,244.956992,223.616,206.312,85.412,75.281,72.412,6431.241,2326.581,18540.192,60.797,6,2012,5,182
196,2012-09-30,TALO.xlsx,6,46.297,227.396992,0.06703981423313313,0.19801418737506823,1.2658385486076786,221.144992,244.956992,223.616,50.74,85.412,75.281,6969.575,2506.774,18707.948,-311.896,9,2012,6,274
197,2012-12-31,TALO.xlsx,6,78.088,254.562,0.060086656328626,0.18895998928763166,0.742647249715565,227.396992,221.144992,244.956992,46.297,50.74,85.412,7083.902,2378.742,18735.783,98.436,12,2012,0,366
198,2013-03-31,TALO.xlsx,6,74.049,233.732,0.05305918659984709,0.16819532608810353,1.0808314468438092,254.562,227.396992,221.144992,78.088,46.297,50.74,7374.717,2513.2,18594.266,468.871,3,2013,6,90
199,2013-06-30,TALO.xlsx,6,68.157,244.508992,0.05459821144997732,0.16488464966481178,1.0321563276392518,233.732,254.562,227.396992,74.049,78.088,46.297,7522.913,2618.387,19259.928,-35.322,6,2013,6,181
200,2013-09-30,TALO.xlsx,6,64.106,256.684992,0.059144922866339614,0.1768077478650843,0.9580527420254847,244.508992,233.732,254.562,68.157,74.049,78.088,7761.289,2766.452,19322.771,-766.779,9,2013,0,273
201,2013-12-31,TALO.xlsx,6,50.349,239.252992,0.04810212560759234,0.1542432572079631,1.3602176227084566,256.684992,244.508992,233.732,64.106,68.157,74.049,8078.372,2695.484,19102.562,-437.69,12,2013,1,365
202,2014-03-31,TALO.xlsx,6,49.151,223.83,0.04277186848198241,0.13525483992160126,2.1914686373741437,239.252992,256.684992,244.508992,50.349,64.106,68.157,8527.393,2950.2,18834.401,930.656,3,2014,0,90
203,2014-06-30,TALO.xlsx,6,19.129,207.046,0.03009724027634968,0.0887408600511238,2.0459702047086563,223.83,239.252992,256.684992,49.151,50.349,64.106,8847.519,3114.806,19247.071,140.575,6,2014,0,181
204,2014-09-30,TALO.xlsx,6,6.992,177.431008,0.01829540764379823,0.05222878307444076,2.401200692001879,207.046,223.83,239.252992,19.129,49.151,50.349,9266.317,3196.323,19700.626,-198.734,9,2014,1,273
205,2014-12-31,TALO.xlsx,6,1.231,184.78,0.004629128780853675,0.01398289199463057,2.456455765518048,177.431008,207.046,223.83,6.992,19.129,49.151,9383.585,3054.774,19272.857,697.511,12,2014,2,365
206,2015-03-31,TALO.xlsx,6,-4.282,154.998,-0.0025239055393703118,-0.008332589852516283,2.0764182128074022,184.78,177.431008,207.046,1.231,6.992,19.129,9658.484,3375.333,19260.905,858.02,3,2015,1,90
207,2015-06-30,TALO.xlsx,6,2.533,149.524992,-0.006468190595970423,-0.02054389049617021,1.1654241836886836,154.998,184.78,177.431008,-4.282,1.231,6.992,9445.372,3355.065,20118.767,-56.295,6,2015,1,181
208,2015-09-30,TALO.xlsx,6,5.27,135.096,-0.007731325063354928,-0.026445173916128585,1.8030086599410766,149.524992,154.998,184.78,2.533,-4.282,1.231,9400.599,3488.516,19469.679,264.394,9,2015,2,273
209,2015-12-31,TALO.xlsx,6,13.903,116.099,-0.006416251873328354,0.0,1.992840853324096,135.096,149.524992,154.998,5.27,2.533,-4.282,9201.996,3344.774,19062.961,1020.325,12,2015,3,365
210,2016-03-31,TALO.xlsx,6,-42.746,80.877,-0.0233106219439063,0.0,6.9293536040824995,116.099,135.096,149.524992,13.903,5.27,2.533,8873.962,3570.4,19346.261,355.095,3,2016,3,91
211,2016-06-30,TALO.xlsx,6,-46.571,89.319,-0.04517875509173069,0.0,-143.98823529411766,80.877,116.099,135.096,-42.746,13.903,5.27,8662.136,3603.839,19753.69,571.888,6,2016,3,182
212,2016-09-30,TALO.xlsx,6,-29.86,94.427,-0.07348195898638551,0.0,0.7757588271732397,89.319,80.877,116.099,-46.571,-42.746,13.903,8803.808,3544.323,19684.138,23.902,9,2016,4,274
213,2016-12-31,TALO.xlsx,6,-3.716,113.107,-0.1004893229411929,0.0,0.7524770420492992,94.427,89.319,80.877,-29.86,-46.571,-42.746,8874.755,3395.032,19289.554,778.953,12,2016,5,366
214,2017-03-31,TALO.xlsx,6,7.287,101.824,-0.06357581879577763,0.0,0.453574018242186,113.107,94.427,89.319,-3.716,-29.86,-46.571,9101.383,3682.233,19621.157,-95.43,3,2017,4,90
215,2017-06-30,TALO.xlsx,6,10.384,95.426,-0.03903925578389307,0.0,0.7474644248197139,101.824,113.107,94.427,7.287,-3.716,-29.86,9246.986,3822.097,20125.278,-374.882,6,2017,4,181
216,2017-09-30,TALO.xlsx,6,16.712,99.962,-0.014239633974853791,0.0,0.5007403373215107,95.426,101.824,113.107,10.384,7.287,-3.716,9668.587,4019.742,19970.876,-1161.213,9,2017,5,273
217,2017-12-31,TALO.xlsx,6,20.569,115.616,-0.019494184720365508,0.0,0.9219237611922886,99.962,95.426,101.824,16.712,10.384,7.287,10001.026,3852.968,20564.365,-405.156,12,2017,6,365
218,2018-03-31,TALO.xlsx,6,48.584,145.85,0.02683674897756877,0.0,0.293131739334271,115.616,99.962,95.426,20.569,16.712,10.384,10499.861,4285.767,20038.353,118.572,3,2018,5,90
219,2018-06-30,TALO.xlsx,6,57.573,203.906,0.013816583504380245,0.04468723364062568,0.8231706376140462,145.85,115.616,99.962,48.584,20.569,16.712,10897.23,4451.677,20671.374,185.729,6,2018,5,181
220,2018-09-30,TALO.xlsx,6,98.956,282.868,0.03065145625512967,0.10024205226437037,0.1695103744553792,203.906,145.85,115.616,57.573,48.584,20.569,11508.62,4587.677,20785.793,-520.494,9,2018,6,273
221,2018-12-31,TALO.xlsx,6,78.552,258.664,0.060062845901452486,0.0,0.3833792954607615,282.868,203.906,145.85,98.956,57.573,48.584,11868.52,4554.065,20614.981,246.004,12,2018,0,365
222,2019-03-31,TALO.xlsx,6,20.862,178.712992,0.059323059246301595,0.0,1.0686398313486887,258.664,282.868,203.906,78.552,98.956,57.573,12148.594,4790.233,20332.6,596.143,3,2019,6,90
223,2019-06-30,TALO.xlsx,6,107.943,286.809984,0.07730814050660877,0.22386463815889493,0.5931492315251722,178.712992,258.664,282.868,20.862,78.552,98.956,11902.106,4707.323,20734.572,158.326,6,2019,6,181
224,2019-09-30,TALO.xlsx,6,54.446,228.856992,0.07861171291131747,0.2201210151313995,0.9509652084993044,286.809984,178.712992,258.664,107.943,20.862,78.552,12809.474,5022.258,20713.986,-531.711,9,2019,0,273
225,2019-12-31,TALO.xlsx,6,49.524,233.24,0.06409543055665039,0.1557838433191693,0.5824059531106345,228.856992,286.809984,178.712992,54.446,107.943,20.862,12852.266,5205.774,19933.39,581.083,12,2019,1,365
226,2020-03-31,TALO.xlsx,6,3.603,187.764,0.04291658983380658,0.10618659524144099,0.7569388475853263,233.24,228.856992,286.809984,49.524,54.446,107.943,11913.743,4934.267,14548.505,2657.878,3,2020,1,91
227,2020-06-30,TALO.xlsx,6,-90.915,88.874,0.025225423448686606,0.06345084433406592,5.828683951427634,187.764,233.24,228.856992,3.603,49.524,54.446,11005.949,5367.581,18381.073,-116.069,6,2020,1,182
232,2012-03-31,HES.xlsx,7,906.0,2896.0,0.052792297882030284,0.11023451756781683,1.183673469387755,9749.000192,8714.999808,9930.999808,820.0,654.0,1183.000064,6320.018,2378.833,18162.625,73.839,3,2012,5,91
233,2012-06-30,HES.xlsx,7,1228.999936,3324.0,0.05109722366487843,0.10256317460342264,0.98998998998999,2896.0,9749.000192,8714.999808,906.0,820.0,654.0,6431.241,2326.581,18540.192,60.797,6,2012,5,182
234,2012-09-30,HES.xlsx,7,880.0,3072.0,0.04571406988810569,0.09235809568845092,1.3277363582089552,3324.0,2896.0,9749.000192,1228.999936,906.0,820.0,6969.575,2506.774,18707.948,-311.896,9,2012,6,274
235,2012-12-31,HES.xlsx,7,695.0,5718.000128,0.04199595285827896,0.08856991265678796,1.2170542537762705,3072.0,3324.0,2896.0,880.0,1228.999936,906.0,7083.902,2378.742,18735.783,98.436,12,2012,0,366
236,2013-03-31,HES.xlsx,7,1135.000064,6105.999872,0.04599763823000668,0.09206624620318511,0.831140350877193,5718.000128,3072.0,3324.0,695.0,880.0,1228.999936,7374.717,2513.2,18594.266,468.871,3,2013,6,90
237,2013-06-30,HES.xlsx,7,1052.0,3068.999936,0.03977840610246191,0.07453635958340947,0.884084118066897,6105.999872,5718.000128,3072.0,1135.000064,695.0,880.0,7522.913,2618.387,19259.928,-35.322,6,2013,6,181
238,2013-09-30,HES.xlsx,7,775.0,2720.0,0.0389344642384064,0.07390264100182976,0.9663461978021979,3068.999936,6105.999872,5718.000128,1052.0,1135.000064,695.0,7761.289,2766.452,19322.771,-766.779,9,2013,0,273
239,2013-12-31,HES.xlsx,7,592.0,2721.999872,0.0527664014519119,0.09902205426922957,1.0558959142419602,2720.0,3068.999936,6105.999872,775.0,1052.0,1135.000064,8078.372,2695.484,19102.562,-437.69,12,2013,1,365
240,2014-03-31,HES.xlsx,7,771.0,2672.999936,0.06543321811342748,0.11927108043612171,0.7655310948523648,2721.999872,2720.0,3068.999936,592.0,775.0,1052.0,8527.393,2950.2,18834.401,930.656,3,2014,0,90
241,2014-06-30,HES.xlsx,7,429.0,2828.999936,0.06472805545187171,0.11230635135452172,0.9835255354200988,2672.999936,2721.999872,2720.0,771.0,592.0,775.0,8847.519,3114.806,19247.071,140.575,6,2014,0,181
242,2014-09-30,HES.xlsx,7,613.0,2678.000128,0.062119438216192056,0.10862384860845385,0.9276360721097804,2828.999936,2672.999936,2721.999872,429.0,771.0,592.0,9266.317,3196.323,19700.626,-198.734,9,2014,1,273
243,2014-12-31,HES.xlsx,7,291.0,2556.999936,0.029966364739263993,0.05182951786582424,1.2898799313893654,2678.000128,2828.999936,2672.999936,613.0,429.0,771.0,9383.585,3054.774,19272.857,697.511,12,2014,2,365
244,2015-03-31,HES.xlsx,7,-458.0,1538.0,0.007338277956672694,0.012374757482868854,2.632530248995984,2556.999936,2678.000128,2828.999936,291.0,613.0,429.0,9658.484,3375.333,19260.905,858.02,3,2015,1,90
245,2015-06-30,HES.xlsx,7,-199.0,1952.999936,-0.0030628091115888325,-0.005174162374302078,1.430639324487334,1538.0,2556.999936,2678.000128,-458.0,291.0,613.0,9445.372,3355.065,20118.767,-56.295,6,2015,1,181
246,2015-09-30,HES.xlsx,7,-473.0,1671.000064,-0.016762020143907763,-0.028475208424747697,1.8699029126213593,1952.999936,1538.0,2556.999936,-199.0,-458.0,291.0,9400.599,3488.516,19469.679,264.394,9,2015,2,273
247,2015-12-31,HES.xlsx,7,-542.0,1474.0,-0.03125516752103014,-0.05453102859921515,2.120181405895692,1671.000064,1952.999936,1538.0,-473.0,-199.0,-458.0,9201.996,3344.774,19062.961,1020.325,12,2015,3,365
248,2016-03-31,HES.xlsx,7,-769.0,973.0,-0.037653893510472186,-0.06433197508209317,6.262626262626263,1474.0,1671.000064,1952.999936,-542.0,-473.0,-199.0,8873.962,3570.4,19346.261,355.095,3,2016,3,91
249,2016-06-30,HES.xlsx,7,-546.0,1224.0,-0.04364397193636598,-0.07582355389443975,2.450199203187251,973.0,1474.0,1671.000064,-769.0,-542.0,-473.0,8662.136,3603.839,19753.69,571.888,6,2016,3,182
250,2016-09-30,HES.xlsx,7,-479.0,1176.999936,-0.044874849125521504,-0.07987141161545311,1.5933734939759037,1224.0,973.0,1474.0,-546.0,-769.0,-542.0,8803.808,3544.323,19684.138,23.902,9,2016,4,274
251,2016-12-31,HES.xlsx,7,-455.0,1388.0,-0.1884593352870314,-0.3572679655380162,1.5559105431309903,1176.999936,1224.0,973.0,-479.0,-546.0,-769.0,8874.755,3395.032,19289.554,778.953,12,2016,5,366
252,2017-03-31,HES.xlsx,7,-214.0,1258.0,-0.041101290606569425,-0.07975949457023364,0.745697896749522,1388.0,1176.999936,1224.0,-455.0,-479.0,-546.0,9101.383,3682.233,19621.157,-95.43,3,2017,4,90
253,2017-06-30,HES.xlsx,7,-340.0,1196.999936,-0.04474787280471082,-0.08756908556556646,1.1970074812967582,1258.0,1388.0,1176.999936,-214.0,-455.0,-479.0,9246.986,3822.097,20125.278,-374.882,6,2017,4,181
254,2017-09-30,HES.xlsx,7,-274.0,1348.0,-0.007741691896733628,-0.01768384577394923,1.0577319587628866,1196.999936,1258.0,1388.0,-340.0,-214.0,-455.0,9668.587,4019.742,19970.876,-1161.213,9,2017,5,273
255,2017-12-31,HES.xlsx,7,-299.0,1663.000064,-0.047310227957327755,-0.10392879061767085,1.5965417867435159,1348.0,1196.999936,1258.0,-274.0,-340.0,-214.0,10001.026,3852.968,20564.365,-405.156,12,2017,6,365
256,2018-03-31,HES.xlsx,7,104.0,1346.0,-0.010153072099992298,-0.025395074392062632,0.7677543186180422,1663.000064,1348.0,1196.999936,-299.0,-274.0,-340.0,10499.861,4285.767,20038.353,118.572,3,2018,5,90
257,2018-06-30,HES.xlsx,7,129.0,1534.0,0.002645042094544164,0.0016945431857582356,0.8603839441535777,1346.0,1663.000064,1348.0,104.0,-299.0,-274.0,10897.23,4451.677,20671.374,185.729,6,2018,5,181
258,2018-09-30,HES.xlsx,7,196.0,1792.999936,-0.033244844183361766,-0.07812407156066188,0.7883211678832117,1534.0,1346.0,1663.000064,129.0,104.0,-299.0,11508.62,4587.677,20785.793,-520.494,9,2018,6,273
259,2018-12-31,HES.xlsx,7,145.0,1650.0,-0.010320350341104992,-0.02824986699275267,0.9793510324483776,1792.999936,1534.0,1346.0,196.0,129.0,104.0,11868.52,4554.065,20614.981,246.004,12,2018,0,365
260,2019-03-31,HES.xlsx,7,247.0,1572.0,-0.005025577636961283,-0.015386124709771621,0.7940828402366864,1650.0,1792.999936,1534.0,145.0,196.0,129.0,12148.594,4790.233,20332.6,596.143,3,2019,6,90
261,2019-06-30,HES.xlsx,7,230.0,1660.0,-0.0009268055096650897,-0.005029158539032851,0.7536231884057971,1572.0,1650.0,1792.999936,247.0,145.0,196.0,11902.106,4707.323,20734.572,158.326,6,2019,6,181
262,2019-09-30,HES.xlsx,7,108.0,1580.0,-0.008487168500860058,-0.022119779713303346,0.9440745672436751,1660.0,1572.0,1650.0,230.0,247.0,145.0,12809.474,5022.258,20713.986,-531.711,9,2019,0,273
263,2019-12-31,HES.xlsx,7,18.0,1683.000064,-0.019065140357310724,-0.04677273599051191,1.1735419630156472,1580.0,1660.0,1572.0,108.0,230.0,247.0,12852.266,5205.774,19933.39,581.083,12,2019,1,365
264,2020-03-31,HES.xlsx,7,-189.0,1354.0,-0.24076542157267455,-0.6176036588779957,2.1989247311827955,1683.000064,1580.0,1660.0,18.0,108.0,230.0,11913.743,4934.267,14548.505,2657.878,3,2020,1,91
265,2020-06-30,HES.xlsx,7,-156.0,833.0,-0.04401251188906188,-0.11569379773061361,1.6402266288951841,1354.0,1683.000064,1580.0,-189.0,18.0,108.0,11005.949,5367.581,18381.073,-116.069,6,2020,1,182
270,2012-03-31,MTDR.xlsx,8,10.369057,32.226368,0.045077175345876304,0.05617789588462677,2.47384626337713,17.859758,18.882,21.816022,1.398301,3.413,6.863713,6320.018,2378.833,18162.625,73.839,3,2012,5,91
271,2012-06-30,MTDR.xlsx,8,7.673,40.791,0.037533798423002446,0.05053683745030837,3.0657687895006807,32.226368,17.859758,18.882,10.369057,1.398301,3.413,6431.241,2326.581,18540.192,60.797,6,2012,5,182
272,2012-09-30,MTDR.xlsx,8,6.888,41.379,0.028122378146680737,0.04093825408298948,2.802191262951554,40.791,32.226368,17.859758,7.673,10.369057,1.398301,6969.575,2506.774,18707.948,-311.896,9,2012,6,274
273,2012-12-31,MTDR.xlsx,8,9.433,55.561,0.02075422473405967,0.03417990134376576,2.4272540983606556,41.379,40.791,32.226368,6.888,7.673,10.369057,7083.902,2378.742,18735.783,98.436,12,2012,0,366
274,2013-03-31,MTDR.xlsx,8,11.8,59.711,0.011543053780109207,0.017024648277963947,2.1173311350919266,55.561,41.379,40.791,9.433,6.888,7.673,7374.717,2513.2,18594.266,468.871,3,2013,6,90
275,2013-06-30,MTDR.xlsx,8,19.187,58.433,0.034216048412448914,0.05457055815423434,2.316252758681921,59.711,55.561,41.379,11.8,9.433,6.888,7522.913,2618.387,19259.928,-35.322,6,2013,6,181
276,2013-09-30,MTDR.xlsx,8,33.967,80.703,0.06694796397083463,0.09738468451706819,1.4012047791792857,58.433,59.711,55.561,19.187,11.8,9.433,7761.289,2766.452,19322.771,-766.779,9,2013,0,273
277,2013-12-31,MTDR.xlsx,8,23.76,69.274,0.0835461924586176,0.13415985181872264,2.2474874900130355,80.703,58.433,59.711,33.967,19.187,11.8,8078.372,2695.484,19102.562,-437.69,12,2013,1,365
278,2014-03-31,MTDR.xlsx,8,30.365,77.088,0.09491104693409144,0.16695981439645205,1.7262248368416213,69.274,80.703,58.433,23.76,33.967,19.187,8527.393,2950.2,18834.401,930.656,3,2014,0,90
279,2014-06-30,MTDR.xlsx,8,35.301,96.141,0.08847524184327614,0.14039737704091,2.1210914185221617,77.088,69.274,80.703,30.365,23.76,33.967,8847.519,3114.806,19247.071,140.575,6,2014,0,181
280,2014-09-30,MTDR.xlsx,8,30.236,95.916,0.07283692930597568,0.11014343042656148,2.656969363251197,96.141,77.088,69.274,35.301,30.365,23.76,9266.317,3196.323,19700.626,-198.734,9,2014,1,273
281,2014-12-31,MTDR.xlsx,8,24.914,103.589,0.06269277191617789,0.10154403689386365,2.330659134258383,95.916,96.141,77.088,30.236,35.301,30.365,9383.585,3054.774,19272.857,697.511,12,2014,2,365
282,2015-03-31,MTDR.xlsx,8,3.114,80.969,0.041977152911137836,0.07538218829853872,2.8573933526944173,103.589,95.916,96.141,24.914,30.236,35.301,9658.484,3375.333,19260.905,858.02,3,2015,1,90
283,2015-06-30,MTDR.xlsx,8,11.834,101.628,0.03019243166301953,0.04658197312017052,2.0161155920318223,80.969,103.589,95.916,3.114,24.914,30.236,9445.372,3355.065,20118.767,-56.295,6,2015,1,181
284,2015-09-30,MTDR.xlsx,8,10.334,92.246,0.018916661024593485,0.031443615666696144,2.0113906283740013,101.628,80.969,103.589,11.834,3.114,24.914,9400.599,3488.516,19469.679,264.394,9,2015,2,273
285,2015-12-31,MTDR.xlsx,8,11.432,83.024,0.007580325826183292,0.014413645063023114,2.468377419768386,92.246,101.628,80.969,10.334,11.834,3.114,9201.996,3344.774,19062.961,1020.325,12,2015,3,365
286,2016-03-31,MTDR.xlsx,8,-14.328,51.462,-0.003252514795568749,-0.006412232177306166,6.973552586502226,83.024,92.246,101.628,11.432,10.334,11.834,8873.962,3570.4,19346.261,355.095,3,2016,3,91
287,2016-06-30,MTDR.xlsx,8,3.337,71.801,-0.01005209032148285,-0.019209895391071166,3.1271686328938237,51.462,83.024,92.246,-14.328,11.432,10.334,8662.136,3603.839,19753.69,571.888,6,2016,3,182
288,2016-09-30,MTDR.xlsx,8,13.651,85.53,-0.0051931990457596425,-0.011077924582502997,3.1006732927220266,71.801,51.462,83.024,3.337,-14.328,11.432,8803.808,3544.323,19684.138,23.902,9,2016,4,274
289,2016-12-31,MTDR.xlsx,8,20.468,97.34,-0.0021300881149981196,-0.004710863079822195,2.075041562362653,85.53,71.801,51.462,13.651,3.337,-14.328,8874.755,3395.032,19289.554,778.953,12,2016,5,366
290,2017-03-31,MTDR.xlsx,8,37.105,114.183,0.03321228158226067,0.06877943579062952,3.1692476475800673,97.34,85.53,71.801,20.468,13.651,3.337,9101.383,3682.233,19621.157,-95.43,3,2017,4,90
291,2017-06-30,MTDR.xlsx,8,25.799,116.421,0.049187405514315954,0.10740485004181016,2.1670120614852477,114.183,97.34,85.53,37.105,20.468,13.651,9246.986,3822.097,20125.278,-374.882,6,2017,4,181
292,2017-09-30,MTDR.xlsx,8,38.921,138.651008,0.0631937436972405,0.14241455537927536,2.61941167652587,116.421,114.183,97.34,25.799,37.105,20.468,9668.587,4019.742,19970.876,-1161.213,9,2017,5,273
293,2017-12-31,MTDR.xlsx,8,52.759,165.306,0.03982932488091675,0.07786834631393977,2.0750129017211623,138.651008,116.421,114.183,38.921,25.799,37.105,10001.026,3852.968,20564.365,-405.156,12,2017,6,365
294,2018-03-31,MTDR.xlsx,8,62.946,180.764,0.03775648613125891,0.07176498221065818,1.8658158306216455,165.306,138.651008,116.421,52.759,38.921,25.799,10499.861,4285.767,20038.353,118.572,3,2018,5,90
295,2018-06-30,MTDR.xlsx,8,72.564,209.938,0.045777043693886375,0.08215654118567514,2.011456019282363,180.764,165.306,138.651008,62.946,52.759,38.921,10897.23,4451.677,20671.374,185.729,6,2018,5,181
296,2018-09-30,MTDR.xlsx,8,89.19,228.515008,0.04924966032687783,0.10042647903529955,4.557805430340417,209.938,180.764,165.306,72.564,62.946,52.759,11508.62,4587.677,20785.793,-520.494,9,2018,6,273
297,2018-12-31,MTDR.xlsx,8,73.486,215.296992,0.11216294898858045,0.22079147345620395,2.0196144802828093,228.515008,209.938,180.764,89.19,72.564,62.946,11868.52,4554.065,20614.981,246.004,12,2018,0,365
298,2019-03-31,MTDR.xlsx,8,53.26,219.608,0.10137082541407946,0.2031878045374512,1.6247898624707227,215.296992,228.515008,209.938,73.486,89.19,72.564,12148.594,4790.233,20332.6,596.143,3,2019,6,90
299,2019-06-30,MTDR.xlsx,8,70.632,235.547008,0.09047659058112219,0.1749957728421592,1.2937802192018246,219.608,215.296992,228.515008,53.26,73.486,89.19,11902.106,4707.323,20734.572,158.326,6,2019,6,181
300,2019-09-30,MTDR.xlsx,8,76.255,269.555008,0.07546140060951821,0.1600864992120182,1.4141861804888771,235.547008,219.608,215.296992,70.632,53.26,73.486,12809.474,5022.258,20713.986,-531.711,9,2019,0,273
301,2019-12-31,MTDR.xlsx,8,89.06,312.687008,0.03737365449953562,0.07984138836129015,1.3639107929062255,269.555008,235.547008,219.608,76.255,70.632,53.26,12852.266,5205.774,19933.39,581.083,12,2019,1,365
302,2020-03-31,MTDR.xlsx,8,57.102,235.155008,0.03568941212572343,0.07673513567535682,1.6793294957318972,312.687008,269.555008,235.547008,89.06,76.255,70.632,11913.743,4934.267,14548.505,2657.878,3,2020,1,91
303,2020-06-30,MTDR.xlsx,8,21.359,195.588,0.026747617789352238,0.061344435838472634,1.8446415887157939,235.155008,312.687008,269.555008,57.102,89.06,76.255,11005.949,5367.581,18381.073,-116.069,6,2020,1,182
308,2012-03-31,GDP.xlsx,9,4.314,61.201,-0.035242413415233424,-0.2555674594338754,1.7308428071709665,61.328,63.832,58.835,0.198,8.754,9.094,6320.018,2378.833,18162.625,73.839,3,2012,5,91
309,2012-06-30,GDP.xlsx,9,7.099,62.674,-0.036784234544128144,-0.2734582230748759,1.6428314250738099,61.201,61.328,63.832,4.314,0.198,8.754,6431.241,2326.581,18540.192,60.797,6,2012,5,182
310,2012-09-30,GDP.xlsx,9,6.503,64.766,-0.03963872747240329,-0.26684111971327656,1.2138307344581174,62.674,61.201,61.328,7.099,4.314,0.198,6969.575,2506.774,18707.948,-311.896,9,2012,6,274
311,2012-12-31,GDP.xlsx,9,-5.138,65.364,-0.04860017369033075,-0.45795083187649055,2.199273774494459,64.766,62.674,61.201,6.503,7.099,4.314,7083.902,2378.742,18735.783,98.436,12,2012,0,366
312,2013-03-31,GDP.xlsx,9,-13.033,47.236,-0.06989612333781507,-0.8273070907194995,2.3796089512784286,65.364,64.766,62.674,-5.138,6.503,7.099,7374.717,2513.2,18594.266,468.871,3,2013,6,90
313,2013-06-30,GDP.xlsx,9,-2.6305385,48.568,-0.08361933864086017,-0.6672898036280122,1.9591335198643067,47.236,65.364,64.766,-13.033,-5.138,6.503,7522.913,2618.387,19259.928,-35.322,6,2013,6,181
314,2013-09-30,GDP.xlsx,9,-0.053923078125,53.514,-0.08737697483838451,-0.5245380373211627,2.4334400005579258,48.568,47.236,65.364,-2.6305385,-13.033,-5.138,7761.289,2766.452,19322.771,-766.779,9,2013,0,273
315,2013-12-31,GDP.xlsx,9,-8.544,50.191,-0.09288085864548581,-0.4828566414248006,2.3110472381904525,53.514,48.568,47.236,-0.053923078125,-2.6305385,-13.033,8078.372,2695.484,19102.562,-437.69,12,2013,1,365
316,2014-03-31,GDP.xlsx,9,-4.854,49.072,-0.08268435509085788,-0.5374856416073354,2.3849245406824147,50.191,53.514,48.568,-8.544,-0.053923078125,-2.6305385,8527.393,2950.2,18834.401,930.656,3,2014,0,90
317,2014-06-30,GDP.xlsx,9,-6.631,50.24,-0.09114024406039203,-0.5372485928854523,4.011303049690766,49.072,50.191,53.514,-4.854,-8.544,-0.053923078125,8847.519,3114.806,19247.071,140.575,6,2014,0,181
318,2014-09-30,GDP.xlsx,9,-1.854,55.101,-0.08423190095533947,-0.5314170245485063,2.521123049448137,50.24,49.072,50.191,-6.631,-4.854,-8.544,9266.317,3196.323,19700.626,-198.734,9,2014,1,273
319,2014-12-31,GDP.xlsx,9,-11.634,48.557,-0.1971661034373113,0.0,2.922384115171958,55.101,50.24,49.072,-1.854,-6.631,-4.854,9383.585,3054.774,19272.857,697.511,12,2014,2,365
320,2015-03-31,GDP.xlsx,9,-1.267,37.124,-0.18036724676692406,-1.0520137495500304,3.6040282610988084,48.557,55.101,50.24,-11.634,-1.854,-6.631,9658.484,3375.333,19260.905,858.02,3,2015,1,90
321,2015-06-30,GDP.xlsx,9,-2.58,37.269,-0.1528790201914925,0.0,1.4058465286236295,37.124,48.557,55.101,-1.267,-11.634,-1.854,9445.372,3355.065,20118.767,-56.295,6,2015,1,181
322,2015-09-30,GDP.xlsx,9,-6.638,31.458,-0.16908295319930675,0.0,1.4860022396416575,37.269,37.124,48.557,-2.58,-1.267,-11.634,9400.599,3488.516,19469.679,264.394,9,2015,2,273
323,2015-12-31,GDP.xlsx,9,-31.194,26.073,-0.23648848671221767,0.0,-0.34167506004493686,31.458,37.269,37.124,-6.638,-2.58,-1.267,9201.996,3344.774,19062.961,1020.325,12,2015,3,365
324,2016-03-31,GDP.xlsx,9,-6.967,6.245,-0.24627707831878046,0.0,-0.26321297749869177,26.073,31.458,37.269,-31.194,-6.638,-2.58,8873.962,3570.4,19346.261,355.095,3,2016,3,91
325,2016-06-30,GDP.xlsx,9,-3.293,6.339,-0.2426229696906908,0.0,-1.002659574468085,6.245,26.073,31.458,-6.967,-31.194,-6.638,8662.136,3603.839,19753.69,571.888,6,2016,3,182
326,2016-09-30,GDP.xlsx,9,-2.25,7.243,-0.25152890276097484,0.0,28.032258064516128,6.339,6.245,26.073,-3.293,-6.967,-31.194,8803.808,3544.323,19684.138,23.902,9,2016,4,274
327,2016-12-31,GDP.xlsx,9,0.024,7.441,-0.2293390929499962,0.0,1.8961248654467169,7.243,6.339,6.245,-2.25,-3.293,-6.967,8874.755,3395.032,19289.554,778.953,12,2016,5,366
328,2017-03-31,GDP.xlsx,9,-3.49,9.413,-0.0711069460249459,0.0,-2.82943143812709,7.441,7.243,6.339,0.024,-2.25,-3.293,9101.383,3682.233,19621.157,-95.43,3,2017,4,90
329,2017-06-30,GDP.xlsx,9,0.368,12.465,-0.04338471346717511,0.0,4.095914227760069,9.413,7.441,7.243,-3.49,0.024,-2.25,9246.986,3822.097,20125.278,-374.882,6,2017,4,181
330,2017-09-30,GDP.xlsx,9,2.204,13.219,0.028339462847956604,0.0,0.7305944055944057,12.465,9.413,7.441,0.368,-3.49,0.024,9668.587,4019.742,19970.876,-1161.213,9,2017,5,273
331,2017-12-31,GDP.xlsx,9,-0.766,11.056,-0.06956081674910743,-0.16711850517707916,2.864963503649635,13.219,12.465,9.413,2.204,0.368,-3.49,10001.026,3852.968,20564.365,-405.156,12,2017,6,365
332,2018-03-31,GDP.xlsx,9,-1.001,11.834,-0.053694913464403304,-0.12934849957753772,11.82782537739698,11.056,13.219,12.465,-0.766,2.204,0.368,10499.861,4285.767,20038.353,118.572,3,2018,5,90
333,2018-06-30,GDP.xlsx,9,2.087,17.835,-0.04445562709368248,-0.11736548414675627,3.152870406695436,11.834,11.056,13.219,-1.001,-0.766,2.204,10897.23,4451.677,20671.374,185.729,6,2018,5,181
334,2018-09-30,GDP.xlsx,9,5.023,24.42,-0.036228281072577216,-0.10016556901193535,2.472383159521051,17.835,11.834,11.056,2.087,-1.001,-0.766,11508.62,4587.677,20785.793,-520.494,9,2018,6,273
335,2018-12-31,GDP.xlsx,9,11.642,33.907,0.015201012405254701,0.042814527556119024,0.9324719988846029,24.42,17.835,11.834,5.023,2.087,-1.001,11868.52,4554.065,20614.981,246.004,12,2018,0,365
336,2019-03-31,GDP.xlsx,9,5.107,29.14,0.0421397279774615,0.1172440879638069,1.789247039452853,33.907,24.42,17.835,11.642,5.023,2.087,12148.594,4790.233,20332.6,596.143,3,2019,6,90
337,2019-06-30,GDP.xlsx,9,4.352,31.884,0.05981947892861431,0.16834192952119734,1.4575699918456104,29.14,33.907,24.42,5.107,11.642,5.023,11902.106,4707.323,20734.572,158.326,6,2019,6,181
338,2019-09-30,GDP.xlsx,9,6.139,33.087,0.06528718221840019,0.18900811950094779,0.9554556803995007,31.884,29.14,33.907,4.352,5.107,11.642,12809.474,5022.258,20713.986,-531.711,9,2019,0,273
339,2019-12-31,GDP.xlsx,9,-2.001,26.736,0.048893842400288476,0.14052747400652782,1.9942798125049654,33.087,31.884,29.14,6.139,4.352,5.107,12852.266,5205.774,19933.39,581.083,12,2019,1,365
340,2020-03-31,GDP.xlsx,9,1.7,28.955,0.018529804169385464,0.05349509431043152,0.9795466388744137,26.736,33.087,31.884,-2.001,6.139,4.352,11913.743,4934.267,14548.505,2657.878,3,2020,1,91
341,2020-06-30,GDP.xlsx,9,1.918,27.813,-0.01621670908084359,-0.0481139541018201,1.2806262782988929,28.955,26.736,33.087,1.7,-2.001,6.139,11005.949,5367.581,18381.073,-116.069,6,2020,1,182
346,2012-03-31,WLL.xlsx,10,228.376,559.824,0.08748252864114094,0.17271233189372606,1.4032604552453083,493.456992,470.444,476.256,216.748992,201.976992,222.032992,6320.018,2378.833,18162.625,73.839,3,2012,5,91
347,2012-06-30,WLL.xlsx,10,164.892,493.515008,0.07791996361387192,0.15236688303188928,1.627843139915218,559.824,493.456992,470.444,228.376,216.748992,201.976992,6431.241,2326.581,18540.192,60.797,6,2012,5,182
348,2012-09-30,WLL.xlsx,10,163.039008,521.592992,0.06946402664273824,0.13801191930208392,1.585343953364611,493.515008,559.824,493.456992,164.892,228.376,216.748992,6969.575,2506.774,18707.948,-311.896,9,2012,6,274
349,2012-12-31,WLL.xlsx,10,178.576992,565.12,0.06204101792676724,0.12745589065837507,1.522864866099696,521.592992,493.515008,559.824,163.039008,164.892,228.376,7083.902,2378.742,18735.783,98.436,12,2012,0,366
350,2013-03-31,WLL.xlsx,10,200.39392,604.902976,0.05809118881038553,0.12077947219080098,1.4475675993576615,565.12,521.592992,493.515008,178.576992,163.039008,164.892,7374.717,2513.2,18594.266,468.871,3,2013,6,90
351,2013-06-30,WLL.xlsx,10,207.812,651.430976,0.05901891373792188,0.12402344423262472,1.5266500712483042,604.902976,565.12,521.592992,200.39392,178.576992,163.039008,7522.913,2618.387,19259.928,-35.322,6,2013,6,181
352,2013-09-30,WLL.xlsx,10,271.299936,705.878016,0.06277736787218399,0.138985223069141,1.7697637340445749,651.430976,604.902976,565.12,207.812,200.39392,178.576992,7761.289,2766.452,19322.771,-766.779,9,2013,0,273
353,2013-12-31,WLL.xlsx,10,235.33,702.379008,0.06406265224244731,0.14170650281382302,1.4703165501458795,705.878016,651.430976,604.902976,271.299936,207.812,200.39392,8078.372,2695.484,19102.562,-437.69,12,2013,1,365
354,2014-03-31,WLL.xlsx,10,251.076992,721.249984,0.06484584695532193,0.14431973007041055,1.3459191319386232,702.379008,705.878016,651.430976,235.33,271.299936,207.812,8527.393,2950.2,18834.401,930.656,3,2014,0,90
355,2014-06-30,WLL.xlsx,10,324.648,825.76,0.06777066127439113,0.152605312944424,1.2655958441437374,721.249984,702.379008,705.878016,251.076992,235.33,271.299936,8847.519,3114.806,19247.071,140.575,6,2014,0,181
356,2014-09-30,WLL.xlsx,10,276.340992,804.233984,0.06106469261753935,0.14068470281027418,1.3488903723554118,825.76,721.249984,702.379008,324.648,251.076992,235.33,9266.317,3196.323,19700.626,-198.734,9,2014,1,273
357,2014-12-31,WLL.xlsx,10,139.498688,704.204992,0.046227683785400084,0.11080122226270316,1.831197933594485,804.233984,825.76,721.249984,276.340992,324.648,251.076992,9383.585,3054.774,19272.857,697.511,12,2014,2,365
358,2015-03-31,WLL.xlsx,10,0.3453076875,551.681984,0.027670960462817883,0.060516359868426045,3.6352896482375803,704.204992,804.233984,825.76,139.498688,276.340992,324.648,9658.484,3375.333,19260.905,858.02,3,2015,1,90
359,2015-06-30,WLL.xlsx,10,97.69292,676.499008,0.011444418591770778,0.025005288725121415,1.724801664319565,551.681984,704.204992,804.233984,0.3453076875,139.498688,276.340992,9445.372,3355.065,20118.767,-56.295,6,2015,1,181
360,2015-09-30,WLL.xlsx,10,-2.11684625,538.915008,-0.008125011333248937,-0.01901662745708925,1.344765781465871,676.499008,551.681984,704.204992,97.69292,0.3453076875,139.498688,9400.599,3488.516,19469.679,264.394,9,2015,2,273
361,2015-12-31,WLL.xlsx,10,-73.213616,461.48,-0.022169477918127428,-0.053870644539509564,1.2826933470123416,538.915008,676.499008,551.681984,-2.11684625,97.69292,0.3453076875,9201.996,3344.774,19062.961,1020.325,12,2015,3,365
362,2016-03-31,WLL.xlsx,10,-214.526,289.696992,-0.028304442682666044,-0.06383175095278568,2.6922242906531926,461.48,538.915008,676.499008,-73.213616,-2.11684625,97.69292,8873.962,3570.4,19346.261,355.095,3,2016,3,91
363,2016-06-30,WLL.xlsx,10,-104.231,358.547008,-0.04020359068878736,-0.0877976843780268,0.5101334138251987,289.696992,461.48,538.915008,-214.526,-73.213616,-2.11684625,8662.136,3603.839,19753.69,571.888,6,2016,3,182
364,2016-09-30,WLL.xlsx,10,-98.184536,341.335008,-0.05444282286973568,-0.1253938025714155,0.42931689842990345,358.547008,289.696992,461.48,-104.231,-214.526,-73.213616,8803.808,3544.323,19684.138,23.902,9,2016,4,274
365,2016-12-31,WLL.xlsx,10,-64.837,363.900992,-0.061382872575164726,-0.13195942354525997,0.5247925855402491,341.335008,358.547008,289.696992,-98.184536,-104.231,-214.526,8874.755,3395.032,19289.554,778.953,12,2016,5,366
366,2017-03-31,WLL.xlsx,10,-28.294,371.316992,-0.04493093681640635,-0.0958690472667276,0.6341478979279119,363.900992,341.335008,358.547008,-64.837,-98.184536,-104.231,9101.383,3682.233,19621.157,-95.43,3,2017,4,90
367,2017-06-30,WLL.xlsx,10,-60.15,311.515008,-0.03668232760252021,-0.0760160296395065,1.2807017684311484,371.316992,363.900992,341.335008,-28.294,-64.837,-98.184536,9246.986,3822.097,20125.278,-374.882,6,2017,4,181
368,2017-09-30,WLL.xlsx,10,-43.886,324.191008,-0.028237857930543366,-0.056306720030733115,1.7714251893939394,311.515008,371.316992,363.900992,-60.15,-28.294,-64.837,9668.587,4019.742,19970.876,-1161.213,9,2017,5,273
369,2017-12-31,WLL.xlsx,10,13.851,474.412,-0.009173783229541288,-0.018507982118314472,0.7530206352690821,324.191008,311.515008,371.316992,-43.886,-60.15,-28.294,10001.026,3852.968,20564.365,-405.156,12,2017,6,365
370,2018-03-31,WLL.xlsx,10,160.576992,515.083008,-0.004558620396863793,-0.008579060455179751,0.5116844956613562,474.412,324.191008,311.515008,13.851,-43.886,-60.15,10499.861,4285.767,20038.353,118.572,3,2018,5,90
371,2018-06-30,WLL.xlsx,10,157.498,526.403008,0.010002885146296232,0.018994101510795385,0.5939118814323191,515.083008,474.412,324.191008,160.576992,13.851,-43.886,10897.23,4451.677,20671.374,185.729,6,2018,5,181
372,2018-09-30,WLL.xlsx,10,195.09,566.694976,0.027212940302467785,0.050248597411826586,0.8428879458091896,526.403008,515.083008,474.412,157.498,160.576992,13.851,11508.62,4587.677,20785.793,-520.494,9,2018,6,273
373,2018-12-31,WLL.xlsx,10,109.767,473.232992,0.042475507792928906,0.0838291095902294,0.7725701378094844,566.694976,526.403008,515.083008,195.09,157.498,160.576992,11868.52,4554.065,20614.981,246.004,12,2018,0,365
374,2019-03-31,WLL.xlsx,10,24.403,389.488992,0.01395501309017372,0.026209932377371167,0.8685078279011673,473.232992,566.694976,526.403008,109.767,195.09,157.498,12148.594,4790.233,20332.6,596.143,3,2019,6,90
375,2019-06-30,WLL.xlsx,10,43.077,426.264,0.003011435454387707,0.00567420709250068,0.9733059769949183,389.488992,473.232992,566.694976,24.403,109.767,195.09,11902.106,4707.323,20734.572,158.326,6,2019,6,181
376,2019-09-30,WLL.xlsx,10,2.701,375.891008,-0.012577227732970332,-0.023652301405691283,0.9216816475900765,426.264,389.488992,473.232992,43.077,24.403,109.767,12809.474,5022.258,20713.986,-531.711,9,2019,0,273
377,2019-12-31,WLL.xlsx,10,14.799,380.600992,-0.00898488939651165,-0.016676217214808182,0.7569129638396592,375.891008,426.264,389.488992,2.701,43.077,24.403,12852.266,5205.774,19933.39,581.083,12,2019,1,365
378,2020-03-31,WLL.xlsx,10,-98.38,244.846,-0.15448704426871301,-0.4126137946627084,1.7249380754311352,380.600992,375.891008,426.264,14.799,2.701,43.077,11913.743,4934.267,14548.505,2657.878,3,2020,1,91
379,2020-06-30,WLL.xlsx,10,-102.669,91.6,-0.25385823997180335,0.0,-4.029550209205021,244.846,380.600992,375.891008,-98.38,14.799,2.701,11005.949,5367.581,18381.073,-116.069,6,2020,1,182
384,2012-03-31,CRK.xlsx,11,-9.464,102.418,-0.007976447128619129,-0.01807453587192266,2.0868275973882415,114.456,119.422,112.451,7.3,12.06,8.352,6320.018,2378.833,18162.625,73.839,3,2012,5,91
385,2012-06-30,CRK.xlsx,11,-23.857,93.048,-0.013739623900695922,-0.03132247219652028,1.8926849784852309,102.418,114.456,119.422,-9.464,7.3,12.06,6431.241,2326.581,18540.192,60.797,6,2012,5,182
386,2012-09-30,CRK.xlsx,11,-22.744,100.434,-0.030333948360769216,-0.070978194045679,0.874447610187231,93.048,102.418,114.456,-23.857,-9.464,7.3,6969.575,2506.774,18707.948,-311.896,9,2012,6,274
387,2012-12-31,CRK.xlsx,11,-77.7,98.68,-0.05124438060063466,-0.1354390989851591,8.937521485046409,100.434,93.048,102.418,-22.744,-23.857,-9.464,7083.902,2378.742,18735.783,98.436,12,2012,0,366
388,2013-03-31,CRK.xlsx,11,-18.536,97.34,-0.053645191064733234,-0.1482965038616926,0.9341722990772381,98.68,100.434,93.048,-77.7,-22.744,-23.857,7374.717,2513.2,18594.266,468.871,3,2013,6,90
389,2013-06-30,CRK.xlsx,11,-14.552,110.701,-0.05946712163308515,-0.14146595176991894,1.0010750862898208,97.34,98.68,100.434,-18.536,-77.7,-22.744,7522.913,2618.387,19259.928,-35.322,6,2013,6,181
390,2013-09-30,CRK.xlsx,11,-10.481,108.03,-0.05323162202089558,-0.1311221620036891,1.5611774551347617,110.701,97.34,98.68,-14.552,-18.536,-77.7,7761.289,2766.452,19322.771,-766.779,9,2013,0,273
391,2013-12-31,CRK.xlsx,11,-23.785,106.512,-0.041055018423207815,-0.1039364294074578,3.223159509202454,108.03,110.701,97.34,-10.481,-14.552,-18.536,8078.372,2695.484,19102.562,-437.69,12,2013,1,365
392,2014-03-31,CRK.xlsx,11,18.882,140.563008,-0.027021580096872732,-0.07141038850839444,2.203682393555811,106.512,108.03,110.701,-23.785,-10.481,-14.552,8527.393,2950.2,18834.401,930.656,3,2014,0,90
393,2014-06-30,CRK.xlsx,11,23.679,151.672992,-0.01615905853499951,-0.03736497918102062,1.056446564820924,140.563008,106.512,108.03,18.882,-23.785,-10.481,8847.519,3114.806,19247.071,140.575,6,2014,0,181
394,2014-09-30,CRK.xlsx,11,-0.09,144.615008,-0.004800140710557007,-0.01142905934198434,1.4016939942134612,151.672992,140.563008,106.512,23.679,18.882,-23.785,9266.317,3196.323,19700.626,-198.734,9,2014,1,273
395,2014-12-31,CRK.xlsx,11,1.253,127.463,-0.005848244121151413,-0.014165025467215032,1.3774470032661383,144.615008,151.672992,140.563008,-0.09,23.679,18.882,9383.585,3054.774,19272.857,697.511,12,2014,2,365
396,2015-03-31,CRK.xlsx,11,-94.725,66.522,-0.030799250501541097,-0.08403522340223525,-49.727435825105786,127.463,144.615008,151.672992,1.253,-0.09,23.679,9658.484,3375.333,19260.905,858.02,3,2015,1,90
397,2015-06-30,CRK.xlsx,11,-68.371,77.312,-0.06430229702808166,-0.18073430163642695,2.5329249617151604,66.522,127.463,144.615008,-94.725,1.253,-0.09,9445.372,3355.065,20118.767,-56.295,6,2015,1,181
398,2015-09-30,CRK.xlsx,11,-51.26,61.36,-0.1051486131961558,-0.3839471693825248,1.264254035834664,77.312,66.522,127.463,-68.371,-94.725,1.253,9400.599,3488.516,19469.679,264.394,9,2015,2,273
399,2015-12-31,CRK.xlsx,11,-35.577,47.228,-0.042813457504593366,0.0,1.3214899953857127,61.36,77.312,66.522,-51.26,-68.371,-94.725,9201.996,3344.774,19062.961,1020.325,12,2015,3,365
400,2016-03-31,CRK.xlsx,11,-26.712,36.163,-0.10733526475464839,0.0,1.169993401517651,47.228,61.36,77.312,-35.577,-51.26,-68.371,8873.962,3570.4,19346.261,355.095,3,2016,3,91
401,2016-06-30,CRK.xlsx,11,-19.317,40.715,-0.09510423511486468,0.0,1.1649712781235042,36.163,47.228,61.36,-26.712,-35.577,-51.26,8662.136,3603.839,19753.69,571.888,6,2016,3,182
402,2016-09-30,CRK.xlsx,11,-85.48,50.33,-0.1555719958997576,0.0,-0.15621153645561697,40.715,36.163,47.228,-19.317,-26.712,-35.577,8803.808,3544.323,19684.138,23.902,9,2016,4,274
403,2016-12-31,CRK.xlsx,11,-3.032,48.498,-0.2182403304481756,0.0,0.6251487809560375,50.33,40.715,36.163,-85.48,-19.317,-26.712,8874.755,3395.032,19289.554,778.953,12,2016,5,366
404,2017-03-31,CRK.xlsx,11,2.381,53.801,-0.196052785595593,0.0,1.1894009787524005,48.498,50.33,40.715,-3.032,-85.48,-19.317,9101.383,3682.233,19621.157,-95.43,3,2017,4,90
405,2017-06-30,CRK.xlsx,11,10.47,61.471,-0.1915237510554848,0.0,1.162707459978917,53.801,48.498,50.33,2.381,-3.032,-85.48,9246.986,3822.097,20125.278,-374.882,6,2017,4,181
406,2017-09-30,CRK.xlsx,11,12.226,66.811,-0.13916708036831715,0.0,1.0367704236930393,61.471,53.801,48.498,10.47,2.381,-3.032,9668.587,4019.742,19970.876,-1161.213,9,2017,5,273
407,2017-12-31,CRK.xlsx,11,19.766,73.248,-0.11646334350113238,0.0,0.953770322375482,66.811,61.471,53.801,12.226,10.47,2.381,10001.026,3852.968,20564.365,-405.156,12,2017,6,365
408,2018-03-31,CRK.xlsx,11,23.478,72.593,-0.11320620553003692,0.0,0.9175982619000592,73.248,66.811,61.471,19.766,12.226,10.47,10499.861,4285.767,20038.353,118.572,3,2018,5,90
409,2018-06-30,CRK.xlsx,11,14.237,61.449,-0.1129656923978875,0.0,1.0746192274887292,72.593,73.248,66.811,23.478,19.766,12.226,10897.23,4451.677,20671.374,185.729,6,2018,5,181
410,2018-09-30,CRK.xlsx,11,42.711,102.711,-0.052951865344514036,0.0,1.589106455979521,61.449,72.593,73.248,14.237,23.478,19.766,11508.62,4587.677,20785.793,-520.494,9,2018,6,273
411,2018-12-31,CRK.xlsx,11,81.393,153.498,-0.007622201984832685,0.0,0.942578520554473,102.711,61.449,72.593,42.711,14.237,23.478,11868.52,4554.065,20614.981,246.004,12,2018,0,365
412,2019-03-31,CRK.xlsx,11,53.223,126.881,0.01744585549299744,0.0,1.0396867984449434,153.498,102.711,61.449,81.393,42.711,14.237,12148.594,4790.233,20332.6,596.143,3,2019,6,90
413,2019-06-30,CRK.xlsx,11,43.647,128.116,0.04020329678922711,0.0,0.9103695320140208,126.881,153.498,102.711,53.223,81.393,42.711,11902.106,4707.323,20734.572,158.326,6,2019,6,181
414,2019-09-30,CRK.xlsx,11,76.36,224.444,0.02602258407188614,0.09847737074537811,0.8334744595925054,128.116,126.881,153.498,43.647,53.223,81.393,12809.474,5022.258,20713.986,-531.711,9,2019,0,273
415,2019-12-31,CRK.xlsx,11,101.681,289.248,0.027114590503181,0.08219602554296591,0.8318025042048215,224.444,128.116,126.881,76.36,43.647,53.223,12852.266,5205.774,19933.39,581.083,12,2019,1,365
416,2020-03-31,CRK.xlsx,11,44.017,225.878,0.029377196844541965,0.07548624736289146,0.9258016646235241,289.248,224.444,128.116,101.681,76.36,43.647,11913.743,4934.267,14548.505,2657.878,3,2020,1,91
417,2020-06-30,CRK.xlsx,11,3.911,179.535008,0.03033852377821025,0.06112898032716533,0.8377732050497748,225.878,289.248,224.444,44.017,101.681,76.36,11005.949,5367.581,18381.073,-116.069,6,2020,1,182
423,2012-06-30,LPI.xlsx,12,49.969,147.995008,0.0,0.0,2.088715805280941,152.616992,140.331008,133.44,58.75,41.022,55.577,6431.241,2326.581,18540.192,60.797,6,2012,5,182
424,2012-09-30,LPI.xlsx,12,44.2,150.828992,0.04149875620844066,0.0,2.294862492001097,147.995008,152.616992,140.331008,49.969,58.75,41.022,6969.575,2506.774,18707.948,-311.896,9,2012,6,274
425,2012-12-31,LPI.xlsx,12,44.024,157.456,0.028413124328464556,0.07079389978444768,1.8074833127975107,150.828992,147.995008,152.616992,44.2,49.969,58.75,7083.902,2378.742,18735.783,98.436,12,2012,0,366
426,2013-03-31,LPI.xlsx,12,48.181,167.380992,0.02754468892089326,0.07205851835841694,1.7315737358753982,157.456,150.828992,147.995008,44.024,44.2,49.969,7374.717,2513.2,18594.266,468.871,3,2013,6,90
427,2013-06-30,LPI.xlsx,12,58.395,178.276992,0.02581286170054202,0.07196911261788753,1.5445849383147299,167.380992,157.456,150.828992,48.181,44.024,44.2,7522.913,2618.387,19259.928,-35.322,6,2013,6,181
428,2013-09-30,LPI.xlsx,12,53.351,166.771008,0.027660530024868867,0.0639685245649977,1.8837819746679805,178.276992,167.380992,157.456,58.395,48.181,44.024,7761.289,2766.452,19322.771,-766.779,9,2013,0,273
429,2013-12-31,LPI.xlsx,12,58.17,156.574,0.027829971471999625,0.06563473189382288,1.6462966961779313,166.771008,178.276992,167.380992,53.351,58.395,48.181,8078.372,2695.484,19102.562,-437.69,12,2013,1,365
430,2014-03-31,LPI.xlsx,12,58.483,171.879008,0.043905612675353006,0.11504271855791873,1.926487186603756,156.574,166.771008,178.276992,58.17,53.351,58.395,8527.393,2950.2,18834.401,930.656,3,2014,0,90
431,2014-06-30,LPI.xlsx,12,60.141,178.624,0.041538040891032496,0.1125528158680468,2.2272675070894103,171.879008,156.574,166.771008,58.483,58.17,53.351,8847.519,3114.806,19247.071,140.575,6,2014,0,181
432,2014-09-30,LPI.xlsx,12,73.695,204.772,0.0453279083812456,0.10332919667755143,3.904764207575824,178.624,171.879008,156.574,60.141,58.483,58.17,9266.317,3196.323,19700.626,-198.734,9,2014,1,273
433,2014-12-31,LPI.xlsx,12,66.088,266.851008,0.03821114842294486,0.08835404646734613,2.4373823214991988,204.772,178.624,171.879008,73.695,60.141,58.483,9383.585,3054.774,19272.857,697.511,12,2014,2,365
434,2015-03-31,LPI.xlsx,12,43.563,213.835008,0.0051211872724149085,0.011021910380342382,2.3209904333145754,266.851008,204.772,178.624,66.088,73.695,60.141,9658.484,3375.333,19260.905,858.02,3,2015,1,90
435,2015-06-30,LPI.xlsx,12,34.715,228.927008,0.004255835868110295,0.009173459315507431,1.376992707836034,213.835008,266.851008,204.772,43.563,66.088,73.695,9445.372,3355.065,20118.767,-56.295,6,2015,1,181
436,2015-09-30,LPI.xlsx,12,45.133,216.482,0.00176113418005025,0.004443892174190772,1.0628272719149316,228.927008,213.835008,266.851008,34.715,43.563,66.088,9400.599,3488.516,19469.679,264.394,9,2015,2,273
437,2015-12-31,LPI.xlsx,12,41.286,202.676992,0.014989182009672896,0.05082198921173975,0.9131716876658131,216.482,228.927008,213.835008,45.133,34.715,43.563,9201.996,3344.774,19062.961,1020.325,12,2015,3,365
438,2016-03-31,LPI.xlsx,12,48.363,170.644,-9.195753201450873e-05,0.0,1.1990293963780456,202.676992,216.482,228.927008,41.286,45.133,34.715,8873.962,3570.4,19346.261,355.095,3,2016,3,91
439,2016-06-30,LPI.xlsx,12,63.806,191.742,-0.004110800764537935,-0.011267330398183598,0.9550330159313349,170.644,202.676992,216.482,48.363,41.286,45.133,8662.136,3603.839,19753.69,571.888,6,2016,3,182
440,2016-09-30,LPI.xlsx,12,67.09,201.332,0.0012888993970843533,0.004636122374468806,1.9193430873953523,191.742,170.644,202.676992,63.806,48.363,41.286,8803.808,3544.323,19684.138,23.902,9,2016,4,274
441,2016-12-31,LPI.xlsx,12,80.418,219.272,0.06263820542771831,0.7218255980335208,0.8533032625652852,201.332,191.742,170.644,67.09,63.806,48.363,8874.755,3395.032,19289.554,778.953,12,2016,5,366
442,2017-03-31,LPI.xlsx,12,56.67,194.35,0.056880888719124015,0.0,1.2499834769007072,219.272,201.332,191.742,80.418,67.09,63.806,9101.383,3682.233,19621.157,-95.43,3,2017,4,90
443,2017-06-30,LPI.xlsx,12,60.013,194.952992,0.06750787257988293,0.7187440281491465,1.3012467352269017,194.35,219.272,201.332,56.67,80.418,67.09,9246.986,3822.097,20125.278,-374.882,6,2017,4,181
444,2017-09-30,LPI.xlsx,12,72.639,218.004992,0.06320279435529155,0.45302501986627497,1.3652054000404037,194.952992,194.35,219.272,60.013,56.67,80.418,9668.587,4019.742,19970.876,-1161.213,9,2017,5,273
445,2017-12-31,LPI.xlsx,12,76.314,230.818,0.07605984395753962,0.3059297233208853,1.3797208014764037,218.004992,194.952992,194.35,72.639,60.013,56.67,10001.026,3852.968,20564.365,-405.156,12,2017,6,365
446,2018-03-31,LPI.xlsx,12,86.932,253.436,0.08223738602807776,0.2688699471046741,1.527342718043552,230.818,218.004992,194.952992,76.314,72.639,60.013,10499.861,4285.767,20038.353,118.572,3,2018,5,90
447,2018-06-30,LPI.xlsx,12,89.497,345.776,0.09363928190133004,0.3027912267975842,1.06484426297953,253.436,230.818,218.004992,86.932,76.314,72.639,10897.23,4451.677,20671.374,185.729,6,2018,5,181
448,2018-09-30,LPI.xlsx,12,95.067,270.403008,0.10134371656893343,0.3265199469791814,1.31639414685824,345.776,253.436,230.818,89.497,86.932,76.314,11508.62,4587.677,20785.793,-520.494,9,2018,6,273
449,2018-12-31,LPI.xlsx,12,62.751,221.915008,0.09739053883505955,0.22309617394773484,1.2561511002842063,270.403008,345.776,253.436,95.067,89.497,86.932,11868.52,4554.065,20614.981,246.004,12,2018,0,365
450,2019-03-31,LPI.xlsx,12,51.422,205.032992,0.0809761141413586,0.17635200268203363,0.9444320055601814,221.915008,270.403008,345.776,62.751,95.067,89.497,12148.594,4790.233,20332.6,596.143,3,2019,6,90
451,2019-06-30,LPI.xlsx,12,52.396,200.804992,0.06191863106407903,0.12981097936330066,0.8027676815593311,205.032992,221.915008,270.403008,51.422,62.751,95.067,11902.106,4707.323,20734.572,158.326,6,2019,6,181
452,2019-09-30,LPI.xlsx,12,29.586,169.739008,0.040098534325246765,0.08802194708431663,0.6380982194098487,200.804992,205.032992,221.915008,52.396,51.422,62.751,12809.474,5022.258,20713.986,-531.711,9,2019,0,273
453,2019-12-31,LPI.xlsx,12,65.55,231.116992,0.07352934104701736,0.1708572440038492,1.6593997306469543,169.739008,200.804992,205.032992,29.586,52.396,51.422,12852.266,5205.774,19933.39,581.083,12,2019,1,365
454,2020-03-31,LPI.xlsx,12,51.973,252.238,0.03288023284988934,0.074767830670995,1.2091458839108364,231.116992,169.739008,200.804992,65.55,29.586,52.396,11913.743,4934.267,14548.505,2657.878,3,2020,1,91
455,2020-06-30,LPI.xlsx,12,63.468,197.46,0.04482831619387535,0.11701285728454335,0.8366758431891235,252.238,231.116992,169.739008,51.973,65.55,29.586,11005.949,5367.581,18381.073,-116.069,6,2020,1,182
460,2012-03-31,SBOW.xlsx,13,19.347,135.878,0.034162910240171186,0.07114959419248547,2.3282741667699174,155.092992,142.532,157.428,43.461,35.834,50.494,6320.018,2378.833,18162.625,73.839,3,2012,5,91
461,2012-06-30,SBOW.xlsx,13,18.434,134.756992,0.021798337123573337,0.04509121164799822,2.3467298863550843,135.878,155.092992,142.532,19.347,43.461,35.834,6431.241,2326.581,18540.192,60.797,6,2012,5,182
462,2012-09-30,SBOW.xlsx,13,19.306,128.75,0.014248626385908642,0.03050099640870237,2.5636903426870856,134.756992,135.878,155.092992,18.434,19.347,43.461,6969.575,2506.774,18707.948,-311.896,9,2012,6,274
463,2012-12-31,SBOW.xlsx,13,36.794,157.904992,0.008985735155096904,0.020595376846905343,1.778920007035785,128.75,134.756992,135.878,19.306,18.434,19.347,7083.902,2378.742,18735.783,98.436,12,2012,0,366
464,2013-03-31,SBOW.xlsx,13,28.388,146.236992,0.010381801026698197,0.023932667305255433,1.5024743526008948,157.904992,128.75,134.756992,36.794,19.306,18.434,7374.717,2513.2,18594.266,468.871,3,2013,6,90
465,2013-06-30,SBOW.xlsx,13,28.015,142.466,0.011620367754454092,0.027272766420238882,1.5128782595772412,146.236992,157.904992,128.75,28.388,36.794,19.306,7522.913,2618.387,19259.928,-35.322,6,2013,6,181
466,2013-09-30,SBOW.xlsx,13,30.479,150.932992,0.012971839292068557,0.031057927891633048,1.731687654973375,142.466,146.236992,157.904992,28.015,28.388,36.794,7761.289,2766.452,19322.771,-766.779,9,2013,0,273
467,2013-12-31,SBOW.xlsx,13,28.212,146.008992,0.010717606969044634,0.02621812303218516,1.1078926472923614,150.932992,142.466,146.236992,30.479,28.015,28.388,8078.372,2695.484,19102.562,-437.69,12,2013,1,365
468,2014-03-31,SBOW.xlsx,13,30.156,144.18,0.00986716079597199,0.024586005291455697,1.1377266800995613,146.008992,150.932992,142.466,28.212,30.479,28.015,8527.393,2950.2,18834.401,930.656,3,2014,0,90
469,2014-06-30,SBOW.xlsx,13,32.308,155.720992,0.010656604731218969,0.026990950251586498,0.9892549252246131,144.18,146.008992,150.932992,30.156,28.212,30.479,8847.519,3114.806,19247.071,140.575,6,2014,0,181
470,2014-09-30,SBOW.xlsx,13,23.672,138.794,0.008274786888308317,0.020456736052100393,1.1886433178506175,155.720992,144.18,146.008992,32.308,30.156,28.212,9266.317,3196.323,19700.626,-198.734,9,2014,1,273
471,2014-12-31,SBOW.xlsx,13,0.895,110.488,0.0015899497663561224,0.004165125186778925,1.0363579724978862,138.794,155.720992,144.18,23.672,32.308,30.156,9383.585,3054.774,19272.857,697.511,12,2014,2,365
472,2015-03-31,SBOW.xlsx,13,-35.771,68.337,-0.017117432081859143,-0.05414494569389012,1.9726802262606813,110.488,138.794,155.720992,0.895,23.672,32.308,9658.484,3375.333,19260.905,858.02,3,2015,1,90
473,2015-06-30,SBOW.xlsx,13,-14.264,66.169,-0.037972140137031256,-0.14279235653940855,2.0063254744105805,68.337,110.488,138.794,-35.771,0.895,23.672,9445.372,3355.065,20118.767,-56.295,6,2015,1,181
474,2015-09-30,SBOW.xlsx,13,-13.628,60.116,-0.06100549802137247,0.0,0.9898534898534898,66.169,68.337,110.488,-14.264,-35.771,0.895,9400.599,3488.516,19469.679,264.394,9,2015,2,273
475,2015-12-31,SBOW.xlsx,13,0.0,50.099,0.0,0.0,0.0,60.116,66.169,68.337,-13.628,-14.264,-35.771,9201.996,3344.774,19062.961,1020.325,12,2015,3,365
476,2016-03-31,SBOW.xlsx,13,-12.076,34.272,-0.14025811524192783,0.0,7.079705939253241,50.099,60.116,66.169,0.0,-13.628,-14.264,8873.962,3570.4,19346.261,355.095,3,2016,3,91
477,2016-06-30,SBOW.xlsx,13,-12.949,29.163,0.17378982281035366,2.893713285277724,2.4618608549874264,34.272,50.099,60.116,-12.076,0.0,-13.628,8662.136,3603.839,19753.69,571.888,6,2016,3,182
478,2016-09-30,SBOW.xlsx,13,4.835,47.959,0.25658760333191244,0.0,0.8783798697715484,29.163,34.272,50.099,-12.949,-12.076,0.0,8803.808,3544.323,19684.138,23.902,9,2016,4,274
479,2016-12-31,SBOW.xlsx,13,-1.737,30.293,0.0,0.0,1.098910621440951,47.959,29.163,34.272,4.835,-12.949,-12.076,8874.755,3395.032,19289.554,778.953,12,2016,5,366
480,2017-03-31,SBOW.xlsx,13,10.523,42.412,0.6541643291070408,0.0,1.255904733669335,30.293,47.959,29.163,-1.737,4.835,-12.949,9101.383,3682.233,19621.157,-95.43,3,2017,4,90
481,2017-06-30,SBOW.xlsx,13,15.75,45.782,0.03500946300165196,0.1383267676064049,2.2664609827677027,42.412,30.293,47.959,10.523,-1.737,4.835,9246.986,3822.097,20125.278,-374.882,6,2017,4,181
482,2017-09-30,SBOW.xlsx,13,17.343,49.019,0.06458590343444584,0.2490210385901891,1.9188003427592117,45.782,42.412,30.293,15.75,10.523,-1.737,9668.587,4019.742,19970.876,-1161.213,9,2017,5,273
483,2017-12-31,SBOW.xlsx,13,25.391,58.694,0.13926062646690227,0.4798028443896955,1.521239580465093,49.019,45.782,42.412,17.343,15.75,10.523,10001.026,3852.968,20564.365,-405.156,12,2017,6,365
484,2018-03-31,SBOW.xlsx,13,20.869,52.752,0.13634937083694873,0.3774680566173907,1.1704411764705882,58.694,49.019,45.782,25.391,17.343,15.75,10499.861,4285.767,20038.353,118.572,3,2018,5,90
485,2018-06-30,SBOW.xlsx,13,20.53,51.347,0.11399717868731407,0.3354885901274567,1.4984684925803669,52.752,58.694,49.019,20.869,25.391,17.343,10897.23,4451.677,20671.374,185.729,6,2018,5,181
486,2018-09-30,SBOW.xlsx,13,27.886,65.034,0.10193806684111964,0.31903245542353814,1.7148889651033181,51.347,52.752,58.694,20.53,20.869,25.391,11508.62,4587.677,20785.793,-520.494,9,2018,6,273
487,2018-12-31,SBOW.xlsx,13,47.331,88.152,0.11481526363304644,0.32579598062561116,1.51131131700108,65.034,51.347,52.752,27.886,20.53,20.869,11868.52,4554.065,20614.981,246.004,12,2018,0,365
488,2019-03-31,SBOW.xlsx,13,32.317,72.064,0.11560707696479203,0.31614399471283267,1.6165979533240078,88.152,65.034,51.347,47.331,27.886,20.53,12148.594,4790.233,20332.6,596.143,3,2019,6,90
489,2019-06-30,SBOW.xlsx,13,32.328,74.703,0.16035034637594794,0.4298599925484746,3.071681477367398,72.064,88.152,65.034,32.317,47.331,27.886,11902.106,4707.323,20734.572,158.326,6,2019,6,181
490,2019-09-30,SBOW.xlsx,13,28.36,72.014,0.1679336708788019,0.45041466713527734,1.135370144193084,74.703,72.064,88.152,32.328,32.317,47.331,12809.474,5022.258,20713.986,-531.711,9,2019,0,273
491,2019-12-31,SBOW.xlsx,13,26.172,69.85,0.14512287778529886,0.3760095595209893,0.9167895075027404,72.014,74.703,72.064,28.36,32.328,32.317,12852.266,5205.774,19933.39,581.083,12,2019,1,365
492,2020-03-31,SBOW.xlsx,13,11.484,53.377,0.130491983611866,0.33827199176726874,1.4438970990695128,69.85,72.014,74.703,26.172,28.36,32.328,11913.743,4934.267,14548.505,2657.878,3,2020,1,91
493,2020-06-30,SBOW.xlsx,13,-4.692,24.846,-0.01834722040667301,-0.06260401810279964,3.445896399360722,53.377,69.85,72.014,11.484,26.172,28.36,11005.949,5367.581,18381.073,-116.069,6,2020,1,182
498,2012-03-31,RRC.xlsx,14,75.797,314.384992,0.022598316014023918,0.05872477944683385,2.151573146611499,349.478016,315.414016,282.844,105.931,90.157,94.891,6320.018,2378.833,18162.625,73.839,3,2012,5,91
499,2012-06-30,RRC.xlsx,14,49.675,315.787008,0.014894969182948048,0.03787544662316846,2.552641887599684,314.384992,349.478016,315.414016,75.797,105.931,90.157,6431.241,2326.581,18540.192,60.797,6,2012,5,182
500,2012-09-30,RRC.xlsx,14,60.997,357.184,0.010147197403184567,0.02673454827741686,2.0024227435395088,315.787008,314.384992,349.478016,49.675,75.797,105.931,6969.575,2506.774,18707.948,-311.896,9,2012,6,274
501,2012-12-31,RRC.xlsx,14,131.649,418.342016,0.013409618349610804,0.035499361840851895,1.2508760111988197,357.184,315.787008,314.384992,60.997,49.675,75.797,7083.902,2378.742,18735.783,98.436,12,2012,0,366
502,2013-03-31,RRC.xlsx,14,73.459,419.662016,0.009027838247625776,0.02551697397618984,1.382435299109037,418.342016,357.184,315.787008,131.649,60.997,49.675,7374.717,2513.2,18594.266,468.871,3,2013,6,90
503,2013-06-30,RRC.xlsx,14,128.779,430.543008,0.01845013291063363,0.051764349597626574,1.3388092150352737,419.662016,418.342016,357.184,73.459,131.649,60.997,7522.913,2618.387,19259.928,-35.322,6,2013,6,181
504,2013-09-30,RRC.xlsx,14,121.465,469.433984,0.026052979936961422,0.0763183017987853,1.2263890580326096,430.543008,419.662016,418.342016,128.779,73.459,131.649,7761.289,2766.452,19322.771,-766.779,9,2013,0,273
505,2013-12-31,RRC.xlsx,14,130.142,481.436992,0.028861872587605385,0.08484543528349754,0.984200700116686,469.433984,430.543008,419.662016,121.465,128.779,73.459,8078.372,2695.484,19102.562,-437.69,12,2013,1,365
506,2014-03-31,RRC.xlsx,14,161.694,511.753984,0.035208351753736565,0.10733111753823515,0.7900618783921537,481.436992,469.433984,430.543008,130.142,121.465,128.779,8527.393,2950.2,18834.401,930.656,3,2014,0,90
507,2014-06-30,RRC.xlsx,14,180.878,552.086976,0.03643155739897189,0.09927267199633281,0.9493793851072424,511.753984,481.436992,469.433984,161.694,130.142,121.465,8847.519,3114.806,19247.071,140.575,6,2014,0,181
508,2014-09-30,RRC.xlsx,14,235.122,553.012992,0.044139805727871524,0.11960062973705546,0.8615681247550135,552.086976,511.753984,481.436992,180.878,161.694,130.142,9266.317,3196.323,19700.626,-198.734,9,2014,1,273
509,2014-12-31,RRC.xlsx,14,160.364992,527.256992,0.03010530699367989,0.07839838496998414,1.0824941864312863,553.012992,552.086976,511.753984,235.122,180.878,161.694,9383.585,3054.774,19272.857,697.511,12,2014,2,365
510,2015-03-31,RRC.xlsx,14,80.575,437.457984,0.03449360902011024,0.09321724465689785,1.5730893844369038,527.256992,553.012992,552.086976,160.364992,235.122,180.878,9658.484,3375.333,19260.905,858.02,3,2015,1,90
511,2015-06-30,RRC.xlsx,14,35.199,404.617984,0.014728182381231816,0.036711732999221584,1.679840080387399,437.457984,527.256992,553.012992,80.575,160.364992,235.122,9445.372,3355.065,20118.767,-56.295,6,2015,1,181
512,2015-09-30,RRC.xlsx,14,82.082,415.857984,0.0014872067817756976,0.0023775601948672186,0.31337192882631876,404.617984,437.457984,527.256992,35.199,80.575,160.364992,9400.599,3488.516,19469.679,264.394,9,2015,2,273
513,2015-12-31,RRC.xlsx,14,119.611,455.892,0.00851964194236704,0.021239192443077808,0.39036865106428714,415.857984,404.617984,437.457984,82.082,35.199,80.575,9201.996,3344.774,19062.961,1020.325,12,2015,3,365
514,2016-03-31,RRC.xlsx,14,-18.936,353.971008,-0.0099412818168555,-0.02509208193645416,0.7441053879849521,455.892,415.857984,404.617984,119.611,82.082,35.199,8873.962,3570.4,19346.261,355.095,3,2016,3,91
515,2016-06-30,RRC.xlsx,14,-42.392,362.672992,-0.004734392430138517,-0.012297777591775786,1.6846297157428936,353.971008,455.892,415.857984,-18.936,119.611,82.082,8662.136,3603.839,19753.69,571.888,6,2016,3,182
516,2016-09-30,RRC.xlsx,14,21.58,401.764,-0.006110816071829232,-0.014105308224127418,0.6439906522674429,362.672992,353.971008,455.892,-42.392,-18.936,119.611,8803.808,3544.323,19684.138,23.902,9,2016,4,274
517,2016-12-31,RRC.xlsx,14,134.1,590.257984,-0.005310913672707426,-0.011876859353777768,0.4521958797694338,401.764,362.672992,353.971008,21.58,-42.392,-18.936,8874.755,3395.032,19289.554,778.953,12,2016,5,366
518,2017-03-31,RRC.xlsx,14,144.762,606.916992,0.006594980073207357,0.014483779466933272,0.6391814696929159,590.257984,401.764,362.672992,134.1,21.58,-42.392,9101.383,3682.233,19621.157,-95.43,3,2017,4,90
519,2017-06-30,RRC.xlsx,14,72.188,565.302016,0.013514451194351388,0.029935528627158262,1.2653677745536112,606.916992,590.257984,401.764,144.762,134.1,21.58,9246.986,3822.097,20125.278,-374.882,6,2017,4,181
520,2017-09-30,RRC.xlsx,14,66.629,587.515008,0.012914997047471871,0.026967173330219113,1.0451187468702703,565.302016,606.916992,590.257984,72.188,144.762,134.1,9668.587,4019.742,19970.876,-1161.213,9,2017,5,273
521,2017-12-31,RRC.xlsx,14,111.854,651.062976,0.035605286621258864,0.07326680134407929,1.3777568020031152,587.515008,565.302016,606.916992,66.629,72.188,144.762,10001.026,3852.968,20564.365,-405.156,12,2017,6,365
522,2018-03-31,RRC.xlsx,14,186.435008,765.532992,0.013131436979970402,0.026628367043613616,0.8676087865916983,651.062976,587.515008,565.302016,111.854,66.629,72.188,10499.861,4285.767,20038.353,118.572,3,2018,5,90
523,2018-06-30,RRC.xlsx,14,105.758,745.198976,0.01491553400529521,0.0306085194606527,0.9834411926325338,765.532992,651.062976,587.515008,186.435008,111.854,66.629,10897.23,4451.677,20671.374,185.729,6,2018,5,181
524,2018-09-30,RRC.xlsx,14,133.442,810.894016,0.019008076331910744,0.03934588809350387,0.6600057506012602,745.198976,765.532992,651.062976,105.758,186.435008,111.854,11508.62,4587.677,20785.793,-520.494,9,2018,6,273
525,2018-12-31,RRC.xlsx,14,131.409,880.689024,0.025747668986673477,0.05612866447170982,0.6430268787245002,810.894016,745.198976,765.532992,133.442,105.758,186.435008,11868.52,4554.065,20614.981,246.004,12,2018,0,365
526,2019-03-31,RRC.xlsx,14,158.763008,834.702016,0.024059351063390785,0.05193698565558518,0.6406795900425126,880.689024,810.894016,745.198976,131.409,133.442,105.758,12148.594,4790.233,20332.6,596.143,3,2019,6,90
527,2019-06-30,RRC.xlsx,14,57.008,689.691008,0.02068420811594289,0.0448242990772358,0.9612720561886449,834.702016,880.689024,810.894016,158.763008,131.409,133.442,11902.106,4707.323,20734.572,158.326,6,2019,6,181
528,2019-09-30,RRC.xlsx,14,28.057,627.777024,0.014096253614752394,0.029279702252429915,1.0084781482449678,689.691008,834.702016,880.689024,57.008,158.763008,131.409,12809.474,5022.258,20713.986,-531.711,9,2019,0,273
529,2019-12-31,RRC.xlsx,14,62.976,637.148032,0.003739393440468605,0.009525480181846594,0.10605189019689121,627.777024,689.691008,834.702016,28.057,57.008,158.763008,12852.266,5205.774,19933.39,581.083,12,2019,1,365
530,2020-03-31,RRC.xlsx,14,46.343,560.673984,-0.00999841775090378,-0.024814916829827595,0.578176038534206,637.148032,627.777024,689.691008,62.976,28.057,57.008,11913.743,4934.267,14548.505,2657.878,3,2020,1,91
531,2020-06-30,RRC.xlsx,14,-7.378,502.348992,-0.01615962134146133,-0.04011480663833245,1.286052155314248,560.673984,637.148032,627.777024,46.343,62.976,28.057,11005.949,5367.581,18381.073,-116.069,6,2020,1,182
536,2012-03-31,CLR.xlsx,15,117.571,395.1,0.07710186574483407,0.20702010963829484,4.03194790997745,114.118,968.988992,602.892032,-129.489,755.131008,423.232,6320.018,2378.833,18162.625,73.839,3,2012,5,91
537,2012-06-30,CLR.xlsx,15,708.248,1004.718976,0.05000082642664621,0.12488376200795884,0.9106153153581451,395.1,114.118,968.988992,117.571,-129.489,755.131008,6431.241,2326.581,18540.192,60.797,6,2012,5,182
538,2012-09-30,CLR.xlsx,15,135.082,483.728992,0.05003821530790038,0.12477675403115802,2.548085714724243,1004.718976,395.1,114.118,708.248,117.571,-129.489,6969.575,2506.774,18707.948,-311.896,9,2012,6,274
539,2012-12-31,CLR.xlsx,15,325.932992,688.972032,0.08276289469211844,0.22364385312625085,2.7402589414767657,483.728992,1004.718976,395.1,135.082,708.248,117.571,7083.902,2378.742,18735.783,98.436,12,2012,0,366
540,2013-03-31,CLR.xlsx,15,310.791008,702.643008,0.07779692239681103,0.22502564183527665,1.6598492873629813,688.972032,483.728992,1004.718976,325.932992,135.082,708.248,7374.717,2513.2,18594.266,468.871,3,2013,6,90
541,2013-06-30,CLR.xlsx,15,654.633024,1100.752,0.09823262602669791,0.2771389550686539,1.101101787773933,702.643008,688.972032,483.728992,310.791008,325.932992,135.082,7522.913,2618.387,19259.928,-35.322,6,2013,6,181
542,2013-09-30,CLR.xlsx,15,369.984992,823.835008,0.09427383761323914,0.27455800856577406,1.5756571771208743,1100.752,702.643008,688.972032,654.633024,310.791008,325.932992,7761.289,2766.452,19322.771,-766.779,9,2013,0,273
543,2013-12-31,CLR.xlsx,15,332.278016,811.219968,0.08576422440439767,0.25404785467142155,1.5218214292689096,823.835008,1100.752,702.643008,369.984992,654.633024,310.791008,8078.372,2695.484,19102.562,-437.69,12,2013,1,365
544,2014-03-31,CLR.xlsx,15,488.023008,972.494976,0.09379524705827154,0.28385641898107516,1.371552368943984,811.219968,823.835008,1100.752,332.278016,369.984992,654.633024,8527.393,2950.2,18834.401,930.656,3,2014,0,90
545,2014-06-30,CLR.xlsx,15,313.575008,886.094976,0.06665804732921918,0.2120071229102645,1.660765683153837,972.494976,811.219968,823.835008,488.023008,332.278016,369.984992,8847.519,3114.806,19247.071,140.575,6,2014,0,181
546,2014-09-30,CLR.xlsx,15,1025.046976,1645.328,0.09551477985001272,0.2879315855944335,0.8924296608430689,886.094976,972.494976,811.219968,313.575008,488.023008,332.278016,9266.317,3196.323,19700.626,-198.734,9,2014,1,273
547,2014-12-31,CLR.xlsx,15,657.478976,1297.699968,0.10197416448524614,0.30961884433197984,1.2895870614274296,1645.328,886.094976,972.494976,1025.046976,313.575008,488.023008,9383.585,3054.774,19272.857,697.511,12,2014,2,365
548,2015-03-31,CLR.xlsx,15,34.215,625.644032,0.0765223172001869,0.23900653960024554,3.0084282373228968,1297.699968,1645.328,886.094976,657.478976,1025.046976,313.575008,9658.484,3375.333,19260.905,858.02,3,2015,1,90
549,2015-06-30,CLR.xlsx,15,138.746,796.374016,0.06548140501191232,0.21293195445986965,1.2229765435132847,625.644032,1297.699968,1645.328,34.215,657.478976,1025.046976,9445.372,3355.065,20118.767,-56.295,6,2015,1,181
550,2015-09-30,CLR.xlsx,15,44.053,682.668992,0.02221314366007238,0.06889050415002096,1.2907082504381833,796.374016,625.644032,1297.699968,138.746,34.215,657.478976,9400.599,3488.516,19469.679,264.394,9,2015,2,273
551,2015-12-31,CLR.xlsx,15,-62.033,575.48,-0.007685047094484812,-0.023975939943680098,1.1282494004564942,682.668992,796.374016,625.644032,44.053,138.746,34.215,9201.996,3344.774,19062.961,1020.325,12,2015,3,365
552,2016-03-31,CLR.xlsx,15,-161.39,450.251008,-0.01544286054766736,-0.04984308037847293,1.1873176813157276,575.48,682.668992,796.374016,-62.033,44.053,138.746,8873.962,3570.4,19346.261,355.095,3,2016,3,91
553,2016-06-30,CLR.xlsx,15,-24.235,572.246016,-0.023262734529603417,-0.075086611523222,0.6429679440072106,450.251008,575.48,682.668992,-161.39,-62.033,44.053,8662.136,3603.839,19753.69,571.888,6,2016,3,182
554,2016-09-30,CLR.xlsx,15,-51.552,515.704992,-0.026523841824172327,-0.08511476097301068,0.7017592337228842,572.246016,450.251008,575.48,-24.235,-161.39,-62.033,8803.808,3544.323,19684.138,23.902,9,2016,4,274
555,2016-12-31,CLR.xlsx,15,39.771,602.753024,-0.022688761037910253,-0.07266654657461194,0.6556205725918475,515.704992,572.246016,450.251008,-51.552,-24.235,-161.39,8874.755,3395.032,19289.554,778.953,12,2016,5,366
556,2017-03-31,CLR.xlsx,15,86.342,637.641024,-0.011959683263223718,-0.03874631431556227,0.8446572150907308,602.753024,515.704992,572.246016,39.771,-51.552,-24.235,9101.383,3682.233,19621.157,-95.43,3,2017,4,90
557,2017-06-30,CLR.xlsx,15,70.046,637.123008,-0.0075470246755008075,-0.02471325662791309,1.0620513635234763,637.641024,602.753024,515.704992,86.342,39.771,-51.552,9246.986,3822.097,20125.278,-374.882,6,2017,4,181
558,2017-09-30,CLR.xlsx,15,125.657,730.422016,0.0005081775982177177,0.0016583353622231349,1.0383571997590009,637.123008,637.641024,602.753024,70.046,86.342,39.771,9668.587,4019.742,19970.876,-1161.213,9,2017,5,273
559,2017-12-31,CLR.xlsx,15,349.391008,1054.622016,0.013419666283664113,0.03984904812846386,0.6023285618980991,730.422016,637.123008,637.641024,125.657,70.046,86.342,10001.026,3852.968,20564.365,-405.156,12,2017,6,365
560,2018-03-31,CLR.xlsx,15,408.487008,1135.049984,0.03101556846249128,0.09045480486865572,0.7271233480231681,1054.622016,730.422016,637.123008,349.391008,125.657,70.046,10499.861,4285.767,20038.353,118.572,3,2018,5,90
561,2018-06-30,CLR.xlsx,15,431.169984,1154.556032,0.04968563087925868,0.14435544409993276,0.8460826438375679,1135.049984,1054.622016,730.422016,408.487008,349.391008,125.657,10897.23,4451.677,20671.374,185.729,6,2018,5,181
562,2018-09-30,CLR.xlsx,15,514.116,1282.699008,0.07017362411149683,0.19938839826792096,0.7767621063453584,1154.556032,1135.049984,1054.622016,431.169984,408.487008,349.391008,11508.62,4587.677,20785.793,-520.494,9,2018,6,273
563,2018-12-31,CLR.xlsx,15,335.476,1124.272,0.07229314018958664,0.18911054159845445,0.9472058540348753,1282.699008,1154.556032,1135.049984,514.116,431.169984,408.487008,11868.52,4554.065,20614.981,246.004,12,2018,0,365
564,2019-03-31,CLR.xlsx,15,344.215008,1138.419968,0.06851986973065793,0.17598562908098253,0.8928035725090774,1124.272,1282.699008,1154.556032,335.476,514.116,431.169984,12148.594,4790.233,20332.6,596.143,3,2019,6,90
565,2019-06-30,CLR.xlsx,15,356.772,1163.603968,0.06363145456306492,0.16110601288093412,0.9505826970879205,1138.419968,1124.272,1282.699008,344.215008,335.476,514.116,11902.106,4707.323,20734.572,158.326,6,2019,6,181
566,2019-09-30,CLR.xlsx,15,328.747008,1133.485952,0.054334764028397944,0.1339900261453841,0.9609336250498941,1163.603968,1138.419968,1124.272,356.772,344.215008,335.476,12809.474,5022.258,20713.986,-531.711,9,2019,0,273
567,2019-12-31,CLR.xlsx,15,328.956992,1212.049024,0.05406607167934846,0.13016777368969992,0.5877165477266489,1133.485952,1163.603968,1138.419968,328.747008,356.772,344.215008,12852.266,5205.774,19933.39,581.083,12,2019,1,365
568,2020-03-31,CLR.xlsx,15,33.443,880.801024,0.03788053368422213,0.09330565036034547,1.2377701098245415,1212.049024,1133.485952,1163.603968,328.956992,328.747008,356.772,11913.743,4934.267,14548.505,2657.878,3,2020,1,91
569,2020-06-30,CLR.xlsx,15,-262.776,176.318,0.008279637631213496,0.01997862961301302,10.179764339273543,880.801024,1212.049024,1133.485952,33.443,328.956992,328.747008,11005.949,5367.581,18381.073,-116.069,6,2020,1,182
574,2012-03-31,APA.xlsx,16,2087.000064,4496.0,0.09565660809287256,0.17598886692064017,0.5139796266279865,4288.0,4302.000128,4386.999808,2035.000064,2108.999936,2227.000064,6320.018,2378.833,18162.625,73.839,3,2012,5,91
575,2012-06-30,APA.xlsx,16,1440.999936,3892.999936,0.08083010457382724,0.15001639237673559,0.6614290264842744,4496.0,4288.0,4302.000128,2087.000064,2035.000064,2108.999936,6431.241,2326.581,18540.192,60.797,6,2012,5,182
576,2012-09-30,APA.xlsx,16,1556.999936,4095.000064,0.07289730144609703,0.1352563020176189,0.7738427671644936,3892.999936,4496.0,4288.0,1440.999936,2087.000064,2035.000064,6969.575,2506.774,18707.948,-311.896,9,2012,6,274
577,2012-12-31,APA.xlsx,16,1804.0,4405.000192,0.061779621524925096,0.11778123145526216,0.7823492663316582,4095.000064,3892.999936,4496.0,1556.999936,1440.999936,2087.000064,7083.902,2378.742,18735.783,98.436,12,2012,0,366
578,2013-03-31,APA.xlsx,16,1592.0,4103.000064,0.05235288455909593,0.0990767615446935,0.9459824419600785,4405.000192,4095.000064,3892.999936,1804.0,1556.999936,1440.999936,7374.717,2513.2,18594.266,468.871,3,2013,6,90
579,2013-06-30,APA.xlsx,16,1468.999936,4036.999936,0.05138055972279273,0.09915982892377886,1.0159495786350148,4103.000064,4405.000192,4095.000064,1592.0,1804.0,1556.999936,7522.913,2618.387,19259.928,-35.322,6,2013,6,181
580,2013-09-30,APA.xlsx,16,1648.0,4228.999936,0.058446522554492834,0.10936799506956169,0.8281680220385675,4036.999936,4103.000064,4405.000192,1468.999936,1592.0,1804.0,7761.289,2766.452,19322.771,-766.779,9,2013,0,273
581,2013-12-31,APA.xlsx,16,1246.0,3660.0,0.044878811800525935,0.08510236589313064,0.626436815047022,4228.999936,4036.999936,4103.000064,1648.0,1468.999936,1592.0,8078.372,2695.484,19102.562,-437.69,12,2013,1,365
582,2014-03-31,APA.xlsx,16,1382.0,3599.000064,0.049189263361836454,0.09391936211033883,1.045595004636785,3660.0,4228.999936,4036.999936,1246.0,1648.0,1468.999936,8527.393,2950.2,18834.401,930.656,3,2014,0,90
583,2014-06-30,APA.xlsx,16,1195.000064,3288.999936,0.04365528672345167,0.0844215488466847,0.8663669573161075,3599.000064,3660.0,4228.999936,1382.0,1246.0,1648.0,8847.519,3114.806,19247.071,140.575,6,2014,0,181
584,2014-09-30,APA.xlsx,16,1366.0,3440.999936,0.03555254910104847,0.06755591773658555,1.2646725031953956,3288.999936,3599.000064,3660.0,1195.000064,1382.0,1246.0,9266.317,3196.323,19700.626,-198.734,9,2014,1,273
585,2014-12-31,APA.xlsx,16,720.0,2683.000064,0.003728239880296439,0.00738880565869729,1.8493061773665536,3440.999936,3288.999936,3599.000064,1366.0,1195.000064,1382.0,9383.585,3054.774,19272.857,697.511,12,2014,2,365
586,2015-03-31,APA.xlsx,16,-138.0,1630.0,0.026145339466394225,0.05286132681774123,1.8866524745762712,2683.000064,3440.999936,3288.999936,720.0,1366.0,1195.000064,9658.484,3375.333,19260.905,858.02,3,2015,1,90
587,2015-06-30,APA.xlsx,16,282.0,2019.000064,0.021496014770698207,0.042940848490097404,1.4926829268292683,1630.0,2683.000064,3440.999936,-138.0,720.0,1366.0,9445.372,3355.065,20118.767,-56.295,6,2015,1,181
588,2015-09-30,APA.xlsx,16,-87.0,1526.0,0.011643881777066756,0.025451054837585904,1.1770700636942675,2019.000064,1630.0,2683.000064,282.0,-138.0,720.0,9400.599,3488.516,19469.679,264.394,9,2015,2,273
589,2015-12-31,APA.xlsx,16,-340.0,1263.000064,-0.0034762147469639456,-0.009121847130371303,1.8631984585741812,1526.0,2019.000064,1630.0,-87.0,282.0,-138.0,9201.996,3344.774,19062.961,1020.325,12,2015,3,365
590,2016-03-31,APA.xlsx,16,-217.0,1084.0,-0.009467955494524597,-0.027035171329340357,1.2255965292841648,1263.000064,1526.0,2019.000064,-340.0,-87.0,282.0,8873.962,3570.4,19346.261,355.095,3,2016,3,91
591,2016-06-30,APA.xlsx,16,-11.0,1364.999936,-0.01981293359468694,-0.052102618648908375,0.7264437689969605,1084.0,1263.000064,1526.0,-217.0,-340.0,-87.0,8662.136,3603.839,19753.69,571.888,6,2016,3,182
592,2016-09-30,APA.xlsx,16,134.0,1438.0,-0.022370047486866797,-0.07003317305785439,0.5626598465473146,1364.999936,1084.0,1263.000064,-11.0,-217.0,-340.0,8803.808,3544.323,19684.138,23.902,9,2016,4,274
593,2016-12-31,APA.xlsx,16,139.0,1451.000064,-0.02079253483397538,-0.0976828742624734,0.6115485564304461,1438.0,1364.999936,1084.0,134.0,-11.0,-217.0,8874.755,3395.032,19289.554,778.953,12,2016,5,366
594,2017-03-31,APA.xlsx,16,310.0,1536.999936,-0.005063416885912485,-0.024277040029948613,0.5790067720090294,1451.000064,1438.0,1364.999936,139.0,134.0,-11.0,9101.383,3682.233,19621.157,-95.43,3,2017,4,90
595,2017-06-30,APA.xlsx,16,172.0,1404.999936,-0.0034932265675697793,-0.011680079819637142,0.9556451612903226,1536.999936,1451.000064,1438.0,310.0,139.0,134.0,9246.986,3822.097,20125.278,-374.882,6,2017,4,181
596,2017-09-30,APA.xlsx,16,161.0,1362.0,-0.0024897741135789537,-0.00830860534124629,1.073611111111111,1404.999936,1536.999936,1451.000064,172.0,310.0,139.0,9668.587,4019.742,19970.876,-1161.213,9,2017,5,273
597,2017-12-31,APA.xlsx,16,415.0,1592.0,0.0041403208808303265,0.013475903865198589,0.7722672064777328,1362.0,1404.999936,1536.999936,161.0,172.0,310.0,10001.026,3852.968,20564.365,-405.156,12,2017,6,365
598,2018-03-31,APA.xlsx,16,447.0,1691.000064,0.007882705264938809,0.025203427550009407,0.877,1592.0,1362.0,1404.999936,415.0,161.0,172.0,10499.861,4285.767,20038.353,118.572,3,2018,5,90
599,2018-06-30,APA.xlsx,16,578.0,1872.0,0.019545291157440692,0.05983905647752224,0.857504215851602,1691.000064,1592.0,1362.0,447.0,415.0,161.0,10897.23,4451.677,20671.374,185.729,6,2018,5,181
600,2018-09-30,APA.xlsx,16,670.0,1998.0,0.03001944861963722,0.08972167408844355,0.7359375,1872.0,1691.000064,1592.0,578.0,447.0,415.0,11508.62,4587.677,20785.793,-520.494,9,2018,6,273
601,2018-12-31,APA.xlsx,16,358.0,1736.999936,0.03080176462989594,0.09212153976757186,1.0766129032258065,1998.0,1872.0,1691.000064,670.0,578.0,447.0,11868.52,4554.065,20614.981,246.004,12,2018,0,365
602,2019-03-31,APA.xlsx,16,335.759488,1699.000064,0.027456708707532407,0.08250086369747883,0.8324013524725997,1736.999936,1998.0,1872.0,358.0,670.0,578.0,12148.594,4790.233,20332.6,596.143,3,2019,6,90
603,2019-06-30,APA.xlsx,16,385.0,1622.0,0.02615792860043073,0.08058065225143628,0.8135764944275583,1699.000064,1736.999936,1998.0,335.759488,358.0,670.0,11902.106,4707.323,20734.572,158.326,6,2019,6,181
604,2019-09-30,APA.xlsx,16,123.0,1486.0,0.01061860201129455,0.03302810214931433,0.7688838782412627,1622.0,1699.000064,1736.999936,385.0,335.759488,358.0,12809.474,5022.258,20713.986,-531.711,9,2019,0,273
605,2019-12-31,APA.xlsx,16,317.0,1755.000064,0.010884627719286387,0.04159845752179981,0.5608417528763698,1486.0,1622.0,1699.000064,123.0,385.0,335.759488,12852.266,5205.774,19933.39,581.083,12,2019,1,365
606,2020-03-31,APA.xlsx,16,33.0,1254.0,0.023903022982626383,0.0,0.8864774624373957,1755.000064,1486.0,1622.0,317.0,123.0,385.0,11913.743,4934.267,14548.505,2657.878,3,2020,1,91
607,2020-06-30,APA.xlsx,16,-369.0,596.0,0.003160465432931781,0.0,6.836734693877551,1254.0,1755.000064,1486.0,33.0,317.0,123.0,11005.949,5367.581,18381.073,-116.069,6,2020,1,182
612,2012-03-31,EOG.xlsx,17,585.697024,2738.575872,0.04679927698815848,0.09273097086015675,1.5358630993489693,2674.509056,2373.092096,2223.205888,703.692992,469.377984,553.209024,6320.018,2378.833,18162.625,73.839,3,2012,5,91
613,2012-06-30,EOG.xlsx,17,566.12672,2780.75904,0.046524799614930744,0.09139093300517866,1.4650630680098509,2738.575872,2674.509056,2373.092096,585.697024,703.692992,469.377984,6431.241,2326.581,18540.192,60.797,6,2012,5,182
614,2012-09-30,EOG.xlsx,17,782.865984,3131.973888,0.053289736808785244,0.10709140671770842,1.0818651853716656,2780.75904,2738.575872,2674.509056,566.12672,585.697024,703.692992,6969.575,2506.774,18707.948,-311.896,9,2012,6,274
615,2012-12-31,EOG.xlsx,17,787.025984,3156.40192,0.05886309652944701,0.11846190750524371,0.9857065024573394,3131.973888,2780.75904,2738.575872,782.865984,566.12672,585.697024,7083.902,2378.742,18735.783,98.436,12,2012,0,366
616,2013-03-31,EOG.xlsx,17,840.846976,3364.286976,0.06350852310856658,0.12770998195367186,1.005386934423283,3156.40192,3131.973888,2780.75904,787.025984,782.865984,566.12672,7374.717,2513.2,18594.266,468.871,3,2013,6,90
617,2013-06-30,EOG.xlsx,17,959.391552,3704.451072,0.0715158194423817,0.14199059244693613,0.9290667865946278,3364.286976,3156.40192,3131.973888,840.846976,787.025984,782.865984,7522.913,2618.387,19259.928,-35.322,6,2013,6,181
618,2013-09-30,EOG.xlsx,17,1038.063168,3805.964032,0.07339411177176415,0.1490156859693574,0.9771213523155295,3704.451072,3364.286976,3156.40192,959.391552,840.846976,787.025984,7761.289,2766.452,19322.771,-766.779,9,2013,0,273
619,2013-12-31,EOG.xlsx,17,928.862016,3697.561088,0.07756955224545665,0.1565021447849224,0.9246452810334846,3805.964032,3704.451072,3364.286976,1038.063168,959.391552,840.846976,8078.372,2695.484,19102.562,-437.69,12,2013,1,365
620,2014-03-31,EOG.xlsx,17,1249.957888,4193.875968,0.08360850954312435,0.16944732389604622,0.8662145895314595,3697.561088,3805.964032,3704.451072,928.862016,1038.063168,959.391552,8527.393,2950.2,18834.401,930.656,3,2014,0,90
621,2014-06-30,EOG.xlsx,17,1283.277056,4326.10304,0.08804495818316044,0.17663800611847377,0.9758684727901901,4193.875968,3697.561088,3805.964032,1249.957888,928.862016,1038.063168,8847.519,3114.806,19247.071,140.575,6,2014,0,181
622,2014-09-30,EOG.xlsx,17,1188.653952,4521.107968,0.08762548833048575,0.1738664526966224,0.9479882836056628,4326.10304,4193.875968,3697.561088,1283.277056,1249.957888,928.862016,9266.317,3196.323,19700.626,-198.734,9,2014,1,273
623,2014-12-31,EOG.xlsx,17,803.188992,3686.396928,0.08314490156740187,0.1639680480931694,1.104271116257387,4521.107968,4326.10304,4193.875968,1188.653952,1283.277056,1249.957888,9383.585,3054.774,19272.857,697.511,12,2014,2,365
624,2015-03-31,EOG.xlsx,17,186.332992,2608.43008,0.06016372660690057,0.12001520413493666,1.4062136400367864,3686.396928,4521.107968,4326.10304,803.188992,1188.653952,1283.277056,9658.484,3375.333,19260.905,858.02,3,2015,1,90
625,2015-06-30,EOG.xlsx,17,364.142016,2717.19296,0.042033030895061246,0.0827303732980955,0.9956627307767891,2608.43008,3686.396928,4521.107968,186.332992,803.188992,1188.653952,9445.372,3355.065,20118.767,-56.295,6,2015,1,181
626,2015-09-30,EOG.xlsx,17,61.975,2244.252928,0.022821110467320813,0.045472842893384574,1.7304343830385438,2717.19296,2608.43008,3686.396928,364.142016,186.332992,803.188992,9400.599,3488.516,19469.679,264.394,9,2015,2,273
627,2015-12-31,EOG.xlsx,17,-148.135008,1864.540032,0.0010976273277142998,0.002210361642597222,1.3564673868034258,2244.252928,2717.19296,2608.43008,61.975,364.142016,186.332992,9201.996,3344.774,19062.961,1020.325,12,2015,3,365
628,2016-03-31,EOG.xlsx,17,-612.644992,1357.453952,-0.01290571852762757,-0.02636389322375061,1.8124844171949979,1864.540032,2244.252928,2717.19296,-148.135008,61.975,364.142016,8873.962,3570.4,19346.261,355.095,3,2016,3,91
629,2016-06-30,EOG.xlsx,17,-223.422,1820.828032,-0.026832317038037783,-0.054344222109163925,0.9622466802457534,1357.453952,1864.540032,2244.252928,-612.644992,-148.135008,61.975,8662.136,3603.839,19753.69,571.888,6,2016,3,182
630,2016-09-30,EOG.xlsx,17,-226.167008,1980.112,-0.03919805044738416,-0.08256414154826155,0.9709108449767131,1820.828032,1357.453952,1864.540032,-223.422,-612.644992,-148.135008,8803.808,3544.323,19684.138,23.902,9,2016,4,274
631,2016-12-31,EOG.xlsx,17,76.278,2363.791872,-0.031727179834342874,-0.06630653299824761,0.7892026610800176,1980.112,1820.828032,1357.453952,-226.167008,-223.422,-612.644992,8874.755,3395.032,19289.554,778.953,12,2016,5,366
632,2017-03-31,EOG.xlsx,17,202.147008,2567.215104,-0.012522682624810884,-0.026416321587768347,0.9296590399877201,2363.791872,1980.112,1820.828032,76.278,-226.167008,-223.422,9101.383,3682.233,19621.157,-95.43,3,2017,4,90
633,2017-06-30,EOG.xlsx,17,164.712,2612.621056,-0.0033192995867098872,-0.007044882966096046,0.9969264845218311,2567.215104,2363.791872,1980.112,202.147008,76.278,-226.167008,9246.986,3822.097,20125.278,-374.882,6,2017,4,181
634,2017-09-30,EOG.xlsx,17,285.46,2661.790976,0.010137708296294488,0.02142596266234112,0.9667494451586458,2612.621056,2567.215104,2363.791872,164.712,202.147008,76.278,9668.587,4019.742,19970.876,-1161.213,9,2017,5,273
635,2017-12-31,EOG.xlsx,17,688.288,3447.983104,0.021924574439887698,0.042836818155957766,0.6730406200678744,2661.790976,2612.621056,2567.215104,285.46,164.712,202.147008,10001.026,3852.968,20564.365,-405.156,12,2017,6,365
636,2018-03-31,EOG.xlsx,17,948.238976,3733.936896,0.04280649685722774,0.08340755137714338,0.8493550024274913,3447.983104,2661.790976,2612.621056,688.288,285.46,164.712,10499.861,4285.767,20038.353,118.572,3,2018,5,90
637,2018-06-30,EOG.xlsx,17,1090.761984,4363.908096,0.06621625350537612,0.12957676894373008,0.868259137303684,3733.936896,3447.983104,2661.790976,948.238976,688.288,285.46,10897.23,4451.677,20671.374,185.729,6,2018,5,181
638,2018-09-30,EOG.xlsx,17,1395.547008,4625.866752,0.09404492170422037,0.18090936563720508,0.712777257259242,4363.908096,3733.936896,3447.983104,1090.761984,948.238976,688.288,11508.62,4587.677,20785.793,-520.494,9,2018,6,273
639,2018-12-31,EOG.xlsx,17,964.257984,4283.858944,0.10093917106932379,0.1805638798386423,0.6910860972779618,4625.866752,4363.908096,3733.936896,1395.547008,1090.761984,948.238976,11868.52,4554.065,20614.981,246.004,12,2018,0,365
640,2019-03-31,EOG.xlsx,17,945.537024,4103.904,0.097989334488121,0.17708501282569578,1.02896099695224,4283.858944,4625.866752,4363.908096,964.257984,1395.547008,1090.761984,12148.594,4790.233,20332.6,596.143,3,2019,6,90
641,2019-06-30,EOG.xlsx,17,1021.195008,4522.7648,0.09495106808229385,0.16915434325047787,0.7398545483012559,4103.904,4283.858944,4625.866752,945.537024,964.257984,1395.547008,11902.106,4707.323,20734.572,158.326,6,2019,6,181
642,2019-09-30,EOG.xlsx,17,661.377024,4109.658112,0.07566354809706434,0.1338804815135829,0.850471288691459,4522.7648,4103.904,4283.858944,1021.195008,945.537024,964.257984,12809.474,5022.258,20713.986,-531.711,9,2019,0,273
643,2019-12-31,EOG.xlsx,17,1056.380992,4354.150912,0.08142360003800925,0.1411022988135894,0.644938308578856,4109.658112,4522.7648,4103.904,661.377024,1021.195008,945.537024,12852.266,5205.774,19933.39,581.083,12,2019,1,365
644,2020-03-31,EOG.xlsx,17,436.040992,3579.832064,0.06418732177560713,0.11371209532164386,1.1759799578217967,4354.150912,4109.658112,4522.7648,1056.380992,661.377024,1021.195008,11913.743,4934.267,14548.505,2657.878,3,2020,1,91
645,2020-06-30,EOG.xlsx,17,-94.865,1855.890944,0.041110151870429754,0.07113291320985476,0.7331852168617202,3579.832064,4354.150912,4109.658112,436.040992,1056.380992,661.377024,11005.949,5367.581,18381.073,-116.069,6,2020,1,182
661,2014-12-31,VNOM.xlsx,18,10.525,21.898,0.059840977841560776,0.08401025994386052,0.0,22.767,17.249,15.853,11.175,9.496,9.221,9383.585,3054.774,19272.857,697.511,12,2014,2,365
662,2015-03-31,VNOM.xlsx,18,4.764,16.545,0.06367450505745119,0.10484851167509283,0.0,21.898,22.767,17.249,10.525,11.175,9.496,9658.484,3375.333,19260.905,858.02,3,2015,1,90
663,2015-06-30,VNOM.xlsx,18,7.946,19.619,0.07196700884571097,0.07311052191487842,0.0,16.545,21.898,22.767,4.764,10.525,11.175,9445.372,3355.065,20118.767,-56.295,6,2015,1,181
664,2015-09-30,VNOM.xlsx,18,6.545,18.777,0.056000782372627546,0.05775727962568355,0.0,19.619,16.545,21.898,7.946,4.764,10.525,9400.599,3488.516,19469.679,264.394,9,2015,2,273
665,2015-12-31,VNOM.xlsx,18,8.543,19.918,0.052180937537727255,0.05403616666525375,0.0,18.777,19.619,16.545,6.545,7.946,4.764,9201.996,3344.774,19062.961,1020.325,12,2015,3,365
666,2016-03-31,VNOM.xlsx,18,2.907,14.194,0.03200311663443236,0.03346584061632841,0.0,19.918,18.777,19.619,8.543,6.545,7.946,8873.962,3570.4,19346.261,355.095,3,2016,3,91
667,2016-06-30,VNOM.xlsx,18,7.747,17.032,0.016446689298471807,0.017386900917093544,0.0,14.194,19.918,18.777,2.907,8.543,6.545,8662.136,3603.839,19753.69,571.888,6,2016,3,182
668,2016-09-30,VNOM.xlsx,18,10.594,19.997,0.02113050068003849,0.022882138591343613,0.0,17.032,14.194,19.918,7.747,2.907,8.543,8803.808,3544.323,19684.138,23.902,9,2016,4,274
669,2016-12-31,VNOM.xlsx,18,16.91,27.923,0.033251991202052855,0.038264710924617966,0.0,19.997,17.032,14.194,10.594,7.747,2.907,8874.755,3395.032,19289.554,778.953,12,2016,5,366
670,2017-03-31,VNOM.xlsx,18,21.45,33.652,0.08880114582773628,0.09227023342802135,0.0,27.923,19.997,17.032,16.91,10.594,7.747,9101.383,3682.233,19621.157,-95.43,3,2017,4,90
671,2017-06-30,VNOM.xlsx,18,22.479,36.622,0.2411072410401329,0.2704677663588507,0.0,33.652,27.923,19.997,21.45,16.91,10.594,9246.986,3822.097,20125.278,-374.882,6,2017,4,181
672,2017-09-30,VNOM.xlsx,18,27.067,42.533,0.3654924583874739,0.3892033908171554,0.0,36.622,33.652,27.923,22.479,21.45,16.91,9668.587,4019.742,19970.876,-1161.213,9,2017,5,273
673,2017-12-31,VNOM.xlsx,18,42.825,59.226,0.3973577770055848,0.4576434943945282,0.0,42.533,36.622,33.652,27.067,22.479,21.45,10001.026,3852.968,20564.365,-405.156,12,2017,6,365
674,2018-03-31,VNOM.xlsx,18,43.703,62.443,0.38425247820874064,0.4436062508979125,0.0,59.226,42.533,36.622,42.825,27.067,22.479,10499.861,4285.767,20038.353,118.572,3,2018,5,90
675,2018-06-30,VNOM.xlsx,18,54.926,75.406,0.3332521646083349,0.6460412153629003,0.0,62.443,59.226,42.533,43.703,42.825,27.067,10897.23,4451.677,20671.374,185.729,6,2018,5,181
676,2018-09-30,VNOM.xlsx,18,54.846,77.714,0.1647871765506415,0.2798783749015922,0.0,75.406,62.443,59.226,54.926,43.703,42.825,11508.62,4587.677,20785.793,-520.494,9,2018,6,273
677,2018-12-31,VNOM.xlsx,18,49.512,73.665,0.10827673675133184,0.19833998061375935,0.0,77.714,75.406,62.443,54.846,54.926,43.703,11868.52,4554.065,20614.981,246.004,12,2018,0,365
678,2019-03-31,VNOM.xlsx,18,40.004,61.59,0.14861686931886428,0.25240397086772637,0.0,73.665,77.714,75.406,49.512,54.846,54.926,12148.594,4790.233,20332.6,596.143,3,2019,6,90
679,2019-06-30,VNOM.xlsx,18,49.57,72.194,0.12038230057378237,0.3182075833548116,0.0,61.59,73.665,77.714,40.004,49.512,54.846,11902.106,4707.323,20734.572,158.326,6,2019,6,181
680,2019-09-30,VNOM.xlsx,18,46.555,71.788,0.07093805513623662,0.18803878142193345,0.0,72.194,61.59,73.665,49.57,40.004,49.512,12809.474,5022.258,20713.986,-531.711,9,2019,0,273
681,2019-12-31,VNOM.xlsx,18,57.411,92.711,0.01912913691215753,0.05764682678706925,0.0,71.788,72.194,61.59,46.555,49.57,40.004,12852.266,5205.774,19933.39,581.083,12,2019,1,365
682,2020-03-31,VNOM.xlsx,18,45.237,78.692,-0.04874508179491052,-0.1374207918032532,0.0,92.711,71.788,72.194,57.411,46.555,49.57,11913.743,4934.267,14548.505,2657.878,3,2020,1,91
683,2020-06-30,VNOM.xlsx,18,5.094,32.669,-0.04656115291425175,-0.13544146725760076,0.0,78.692,92.711,71.788,45.237,57.411,46.555,11005.949,5367.581,18381.073,-116.069,6,2020,1,182
688,2012-03-31,DVN.xlsx,19,721.0,2510.000128,0.06042122891147958,0.11328881384583714,1.4903640937782314,2840.999936,2875.000064,2868.0,1034.0,1050.0,1131.000064,6320.018,2378.833,18162.625,73.839,3,2012,5,91
689,2012-06-30,DVN.xlsx,19,479.0,2160.999936,0.04565585879046453,0.0856779586652985,1.8736027034302896,2510.000128,2840.999936,2875.000064,721.0,1034.0,1050.0,6431.241,2326.581,18540.192,60.797,6,2012,5,182
690,2012-09-30,DVN.xlsx,19,607.0,2403.000064,0.037514086537097,0.07283072404926982,1.4822372193022055,2160.999936,2510.000128,2840.999936,479.0,721.0,1034.0,6969.575,2506.774,18707.948,-311.896,9,2012,6,274
691,2012-12-31,DVN.xlsx,19,595.0,2604.0,0.030283147766000985,0.05973587871700128,1.5060331342383106,2403.000064,2160.999936,2510.000128,607.0,479.0,721.0,7083.902,2378.742,18735.783,98.436,12,2012,0,366
692,2013-03-31,DVN.xlsx,19,500.0,2376.999936,0.0267404716557295,0.05369623490948588,1.5996677740863787,2604.0,2403.000064,2160.999936,595.0,607.0,479.0,7374.717,2513.2,18594.266,468.871,3,2013,6,90
693,2013-06-30,DVN.xlsx,19,797.0,2736.0,0.03351898356649887,0.06588872291150918,1.1169272552798475,2376.999936,2604.0,2403.000064,500.0,595.0,607.0,7522.913,2618.387,19259.928,-35.322,6,2013,6,181
694,2013-09-30,DVN.xlsx,19,889.0,2848.0,0.037381804223586834,0.07399334583596565,1.0443037974683544,2736.0,2376.999936,2604.0,797.0,500.0,595.0,7761.289,2766.452,19322.771,-766.779,9,2013,0,273
695,2013-12-31,DVN.xlsx,19,808.0,2820.999936,0.035970904683175695,0.07422265805944059,1.0131665563906125,2848.0,2736.0,2376.999936,889.0,797.0,500.0,8078.372,2695.484,19102.562,-437.69,12,2013,1,365
696,2014-03-31,DVN.xlsx,19,934.0,3944.999936,0.04066160156742649,0.09497786229149878,4.493724097787413,2820.999936,2848.0,2736.0,808.0,889.0,797.0,8527.393,2950.2,18834.401,930.656,3,2014,0,90
697,2014-06-30,DVN.xlsx,19,1106.0,4800.999936,0.045394195839720666,0.09901300227960176,1.0584281613236814,3944.999936,2820.999936,2848.0,934.0,808.0,889.0,8847.519,3114.806,19247.071,140.575,6,2014,0,181
698,2014-09-30,DVN.xlsx,19,1032.0,4592.0,0.04566395888086834,0.09695942978506189,0.9087513681963715,4800.999936,3944.999936,2820.999936,1106.0,934.0,808.0,9266.317,3196.323,19700.626,-198.734,9,2014,1,273
699,2014-12-31,DVN.xlsx,19,736.0,4294.000128,0.015050151842483806,0.03248013824462693,1.3256379878493318,4592.0,4800.999936,3944.999936,1032.0,1106.0,934.0,9383.585,3054.774,19272.857,697.511,12,2014,2,365
700,2015-03-31,DVN.xlsx,19,264.0,3564.0,0.03351442853979374,0.08474708472023836,1.4380233969849245,4294.000128,4592.0,4800.999936,736.0,1032.0,1106.0,9658.484,3375.333,19260.905,858.02,3,2015,1,90
701,2015-06-30,DVN.xlsx,19,566.0,4155.000064,0.028812377354671962,0.07149224270667494,1.03768115942029,3564.0,4294.000128,4592.0,264.0,736.0,1032.0,9445.372,3355.065,20118.767,-56.295,6,2015,1,181
702,2015-09-30,DVN.xlsx,19,610.0,3804.0,0.02857847287520237,0.07242913358687333,0.8810930103397341,4155.000064,3564.0,4294.000128,566.0,264.0,736.0,9400.599,3488.516,19469.679,264.394,9,2015,2,273
703,2015-12-31,DVN.xlsx,19,-2540.0,1622.0,0.002771950836339541,0.007415698629016532,-1.5427435387673956,3804.0,4155.000064,3564.0,610.0,566.0,264.0,9201.996,3344.774,19062.961,1020.325,12,2015,3,365
704,2016-03-31,DVN.xlsx,19,-220.0,2112.0,0.048139337630103606,0.14558528558291506,7.37888198757764,1622.0,3804.0,4155.000064,-2540.0,610.0,566.0,8873.962,3570.4,19346.261,355.095,3,2016,3,91
705,2016-06-30,DVN.xlsx,19,135.0,2599.000064,0.04663375159319916,0.1564749622225481,0.8077544426494345,2112.0,1622.0,3804.0,-220.0,-2540.0,610.0,8662.136,3603.839,19753.69,571.888,6,2016,3,182
706,2016-09-30,DVN.xlsx,19,365.0,2819.000064,0.037175462110894564,0.12915803634690592,0.5586297760210803,2599.000064,2112.0,1622.0,135.0,-220.0,-2540.0,8803.808,3544.323,19684.138,23.902,9,2016,4,274
707,2016-12-31,DVN.xlsx,19,76.0,2808.0,0.005013247072881402,0.01875611809692729,0.0,2819.000064,2599.000064,2112.0,365.0,135.0,-220.0,8874.755,3395.032,19289.554,778.953,12,2016,5,366
708,2017-03-31,DVN.xlsx,19,243.0,3551.000064,0.009442953509116855,0.03783783746169282,0.8728923476005188,2808.0,2819.000064,2599.000064,76.0,365.0,135.0,9101.383,3682.233,19621.157,-95.43,3,2017,4,90
709,2017-06-30,DVN.xlsx,19,275.0,2164.999936,0.007218173295553671,0.030325216929949442,0.6940993788819876,3551.000064,2808.0,2819.000064,243.0,76.0,365.0,9246.986,3822.097,20125.278,-374.882,6,2017,4,181
710,2017-09-30,DVN.xlsx,19,63.0,1932.999936,0.007411903220360613,0.029840388619014575,1.092378752886836,2164.999936,3551.000064,2808.0,275.0,243.0,76.0,9668.587,4019.742,19970.876,-1161.213,9,2017,5,273
711,2017-12-31,DVN.xlsx,19,188.692304,2447.000064,-0.0036662366918758333,-0.012437243404150545,1.1698790774277608,1932.999936,2164.999936,3551.000064,63.0,275.0,243.0,10001.026,3852.968,20564.365,-405.156,12,2017,6,365
712,2018-03-31,DVN.xlsx,19,161.0,2198.000128,0.005895401330442865,0.02035651526195752,1.1732142857142858,2447.000064,1932.999936,2164.999936,188.692304,63.0,275.0,10499.861,4285.767,20038.353,118.572,3,2018,5,90
713,2018-06-30,DVN.xlsx,19,309.0,2264.999936,0.007194540331693095,0.026332730059048445,0.8330341113105925,2198.000128,2447.000064,1932.999936,161.0,188.692304,63.0,10897.23,4451.677,20671.374,185.729,6,2018,5,181
714,2018-09-30,DVN.xlsx,19,271.0,2356.999936,0.01541513923555463,0.045409620901451835,0.9249592169657422,2264.999936,2198.000128,2447.000064,309.0,161.0,188.692304,11508.62,4587.677,20785.793,-520.494,9,2018,6,273
715,2018-12-31,DVN.xlsx,19,223.0,2080.999936,0.008176762376035287,0.021218004632961453,1.4696969696969697,2356.999936,2264.999936,2198.000128,271.0,309.0,161.0,11868.52,4554.065,20614.981,246.004,12,2018,0,365
716,2019-03-31,DVN.xlsx,19,-402.632896,1079.000064,0.02024898216326069,0.05593962577021072,-17.46242226428105,2080.999936,2356.999936,2264.999936,223.0,271.0,309.0,12148.594,4790.233,20332.6,596.143,3,2019,6,90
717,2019-06-30,DVN.xlsx,19,432.65824,1806.0,0.020789381767376876,0.061855011716076956,0.6102794243228076,1079.000064,2080.999936,2356.999936,-402.632896,223.0,271.0,11902.106,4707.323,20734.572,158.326,6,2019,6,181
718,2019-09-30,DVN.xlsx,19,285.126592,1746.0,0.024435572799376845,0.05315025906735752,0.7771574972386632,1806.0,1079.000064,2080.999936,432.65824,-402.632896,223.0,12809.474,5022.258,20713.986,-531.711,9,2019,0,273
719,2019-12-31,DVN.xlsx,19,82.126584,1588.999936,0.030487636037735674,0.06743528271039714,0.879847148586223,1746.0,1806.0,1079.000064,285.126592,432.65824,-402.632896,12852.266,5205.774,19933.39,581.083,12,2019,1,365
720,2020-03-31,DVN.xlsx,19,686.0,2087.000064,0.026218815982138013,0.06438009510869565,0.39466419019456467,1588.999936,1746.0,1806.0,82.126584,285.126592,432.65824,11913.743,4934.267,14548.505,2657.878,3,2020,1,91
721,2020-06-30,DVN.xlsx,19,-1187.000064,394.0,0.016780715317043192,0.043359749535270525,-0.34684684684684686,2087.000064,1588.999936,1746.0,686.0,82.126584,285.126592,11005.949,5367.581,18381.073,-116.069,6,2020,1,182
726,2012-03-31,MUR.xlsx,20,467.232,6953.86112,0.07565617201272008,0.12782475508070554,0.7024018998887696,6794.033152,7194.393088,7384.573952,466.4,508.356992,470.863008,6320.018,2378.833,18162.625,73.839,3,2012,5,91
727,2012-06-30,MUR.xlsx,20,487.264992,7146.727936,0.07627399106647427,0.1285736715564577,0.9503277397626657,6953.86112,6794.033152,7194.393088,467.232,466.4,508.356992,6431.241,2326.581,18540.192,60.797,6,2012,5,182
728,2012-09-30,MUR.xlsx,20,427.58,2655.355904,0.06559231535084896,0.11371246974863745,1.2027797616118159,7146.727936,6953.86112,6794.033152,487.264992,467.232,466.4,6969.575,2506.774,18707.948,-311.896,9,2012,6,274
729,2012-12-31,MUR.xlsx,20,406.723008,1302.670976,0.06765057725040527,0.12087008262552516,1.800044845609202,2655.355904,7146.727936,6953.86112,427.58,487.264992,467.232,7083.902,2378.742,18735.783,98.436,12,2012,0,366
730,2013-03-31,MUR.xlsx,20,385.814016,1298.928,0.059319688589171284,0.10620683585038959,1.3276853231533363,1302.670976,2655.355904,7146.727936,406.723008,427.58,487.264992,7374.717,2513.2,18594.266,468.871,3,2013,6,90
731,2013-06-30,MUR.xlsx,20,471.636,1315.6,0.05604576776093158,0.10281524473285548,1.050539441871996,1298.928,1302.670976,2655.355904,385.814016,406.723008,427.58,7522.913,2618.387,19259.928,-35.322,6,2013,6,181
732,2013-09-30,MUR.xlsx,20,427.951008,2906.096128,0.056745580198527434,0.10434109354397571,0.9496288580476958,1315.6,1298.928,1302.670976,471.636,385.814016,406.723008,7761.289,2766.452,19322.771,-766.779,9,2013,0,273
733,2013-12-31,MUR.xlsx,20,299.543008,1344.259968,0.056199848458372906,0.1122606142383276,1.2537226120289626,2906.096128,1315.6,1298.928,427.951008,471.636,385.814016,8078.372,2695.484,19102.562,-437.69,12,2013,1,365
734,2014-03-31,MUR.xlsx,20,372.235008,1299.622016,0.05480489933347864,0.11092215691874403,1.296341921865571,1344.259968,2906.096128,1315.6,299.543008,427.951008,471.636,8527.393,2950.2,18834.401,930.656,3,2014,0,90
735,2014-06-30,MUR.xlsx,20,342.015008,1357.905024,0.04562108412987742,0.09549064223143869,1.0540793799812236,1299.622016,1344.259968,2906.096128,372.235008,299.543008,427.951008,8847.519,3114.806,19247.071,140.575,6,2014,0,181
736,2014-09-30,MUR.xlsx,20,387.465984,1393.702016,0.04513993019401168,0.09209307237224143,1.0897163012290636,1357.905024,1299.622016,1344.259968,342.015008,372.235008,299.543008,9266.317,3196.323,19700.626,-198.734,9,2014,1,273
737,2014-12-31,MUR.xlsx,20,273.066304,1407.625984,0.03822444882622148,0.07621489638730401,1.0579918506553458,1393.702016,1357.905024,1299.622016,387.465984,342.015008,372.235008,9383.585,3054.774,19272.857,697.511,12,2014,2,365
738,2015-03-31,MUR.xlsx,20,-164.405152,749.150016,0.014763419517819983,0.02925395950321964,2.601968197672368,1407.625984,1393.702016,1357.905024,273.066304,387.465984,342.015008,9658.484,3375.333,19260.905,858.02,3,2015,1,90
739,2015-06-30,MUR.xlsx,20,-39.032152,718.620992,0.001029830196222928,0.0020909392539858467,1.673560665589162,749.150016,1407.625984,1393.702016,-164.405152,273.066304,387.465984,9445.372,3355.065,20118.767,-56.295,6,2015,1,181
740,2015-09-30,MUR.xlsx,20,-131.450616,665.588992,-0.01790764818797359,-0.037815414375396886,1.7913791791016256,718.620992,749.150016,1407.625984,-39.032152,-164.405152,273.066304,9400.599,3488.516,19469.679,264.394,9,2015,2,273
741,2015-12-31,MUR.xlsx,20,-149.231008,653.756992,-0.033261002668691524,-0.0676176556199036,3.769049701580639,665.588992,718.620992,749.150016,-131.450616,-39.032152,-164.405152,9201.996,3344.774,19062.961,1020.325,12,2015,3,365
742,2016-03-31,MUR.xlsx,20,-131.804536,429.094016,-0.031434860269943465,-0.062406509129936,1.3607808570315811,653.756992,665.588992,718.620992,-149.231008,-131.450616,-39.032152,8873.962,3570.4,19346.261,355.095,3,2016,3,91
743,2016-06-30,MUR.xlsx,20,-210.42416,411.216992,-0.030306249079498446,-0.058262701537150935,8.804180614424935,429.094016,653.756992,665.588992,-131.804536,-149.231008,-131.450616,8662.136,3603.839,19753.69,571.888,6,2016,3,182
744,2016-09-30,MUR.xlsx,20,8.203,486.276,-0.028042288283492343,-0.0580876784066661,0.6704997165348454,411.216992,429.094016,653.756992,-210.42416,-131.804536,-149.231008,8803.808,3544.323,19684.138,23.902,9,2016,4,274
745,2016-12-31,MUR.xlsx,20,-3.52684625,482.988,-0.01742902307991592,-0.03714737219124084,0.573625785616207,486.276,411.216992,429.094016,8.203,-210.42416,-131.804536,8874.755,3395.032,19289.554,778.953,12,2016,5,366
746,2017-03-31,MUR.xlsx,20,82.518,546.112,-0.014046092932944905,-0.030034649238252005,0.6641029271476627,482.988,486.276,411.216992,-3.52684625,8.203,-210.42416,9101.383,3682.233,19621.157,-95.43,3,2017,4,90
747,2017-06-30,MUR.xlsx,20,62.885,504.420992,-0.01613308098155308,-0.03187301769979708,0.7386371351567832,546.112,482.988,486.276,82.518,-3.52684625,8.203,9246.986,3822.097,20125.278,-374.882,6,2017,4,181
748,2017-09-30,MUR.xlsx,20,38.025,497.619008,-0.019102677547969783,-0.039069477244167046,0.9755096225749287,504.420992,546.112,482.988,62.885,82.518,-3.52684625,9668.587,4019.742,19970.876,-1161.213,9,2017,5,273
749,2017-12-31,MUR.xlsx,20,38.949692,539.656,-0.04015666840764125,-0.08487375876762279,1.0757868211215422,497.619008,504.420992,546.112,38.025,62.885,82.518,10001.026,3852.968,20564.365,-405.156,12,2017,6,365
750,2018-03-31,MUR.xlsx,20,8.855253,366.827008,-0.011043251173775824,-0.023126217923074132,1.2894376241086454,539.656,497.619008,504.420992,38.949692,38.025,62.885,10499.861,4285.767,20038.353,118.572,3,2018,5,90
751,2018-06-30,MUR.xlsx,20,22.042,389.143008,-0.007443037030354475,-0.015490505218785188,1.4952701449867296,366.827008,539.656,497.619008,8.855253,38.949692,38.025,10897.23,4451.677,20671.374,185.729,6,2018,5,181
752,2018-09-30,MUR.xlsx,20,93.522072,473.235008,-0.0007625733825911713,-0.001581887975799421,0.7985325031496942,389.143008,366.827008,539.656,22.042,8.855253,38.949692,11508.62,4587.677,20785.793,-520.494,9,2018,6,273
753,2018-12-31,MUR.xlsx,20,66.451872,503.448,-0.006589740885293748,-0.014584356965291341,3.7196636202378444,473.235008,389.143008,366.827008,93.522072,22.042,8.855253,11868.52,4554.065,20614.981,246.004,12,2018,0,365
754,2019-03-31,MUR.xlsx,20,126.108864,629.353984,0.0012114421665262334,0.0027545058971034635,0.6240822316863165,503.448,473.235008,389.143008,66.451872,93.522072,22.042,12148.594,4790.233,20332.6,596.143,3,2019,6,90
755,2019-06-30,MUR.xlsx,20,188.604992,738.352,0.005982590609048156,0.014926184462780729,2.9726037993672674,629.353984,503.448,473.235008,126.108864,66.451872,93.522072,11902.106,4707.323,20734.572,158.326,6,2019,6,181
756,2019-09-30,MUR.xlsx,20,186.744896,813.584,0.010222837515660282,0.0213492944474593,0.5851721332830113,738.352,629.353984,503.448,188.604992,126.108864,66.451872,12809.474,5022.258,20713.986,-531.711,9,2019,0,273
757,2019-12-31,MUR.xlsx,20,-31.023152,634.964992,0.011236578294650893,0.024849484289767357,0.8547633714241464,813.584,738.352,629.353984,186.744896,188.604992,126.108864,12852.266,5205.774,19933.39,581.083,12,2019,1,365
758,2020-03-31,MUR.xlsx,20,354.908288,1001.230016,0.006065387515084733,0.014301042342489492,0.4920782270473971,634.964992,813.584,738.352,-31.023152,186.744896,188.604992,11913.743,4934.267,14548.505,2657.878,3,2020,1,91
759,2020-06-30,MUR.xlsx,20,-294.600992,209.864992,-0.006699564599387751,-0.017482061221420004,-3.3743329902620536,1001.230016,634.964992,813.584,354.908288,-31.023152,186.744896,11005.949,5367.581,18381.073,-116.069,6,2020,1,182
764,2012-03-31,CHK.xlsx,21,272.0,2688.999936,0.04189627870795911,0.1190598076041889,5.103248334106729,3072.0,3345.999872,3211.000064,684.0,855.0,902.923072,6320.018,2378.833,18162.625,73.839,3,2012,5,91
765,2012-06-30,CHK.xlsx,21,178.0,2579.000064,0.027643676921612365,0.07404323726594615,4.512971773584906,2688.999936,3072.0,3345.999872,272.0,684.0,855.0,6431.241,2326.581,18540.192,60.797,6,2012,5,182
766,2012-09-30,CHK.xlsx,21,266.0,3073.999872,0.016331169709102016,0.04145327686228182,3.678538597784045,2579.000064,2688.999936,3072.0,178.0,272.0,684.0,6969.575,2506.774,18707.948,-311.896,9,2012,6,274
767,2012-12-31,CHK.xlsx,21,421.0,3414.000128,0.011038275646913086,0.02221412517383068,2.1767277871298525,3073.999872,2579.000064,2688.999936,266.0,178.0,272.0,7083.902,2378.742,18735.783,98.436,12,2012,0,366
768,2013-03-31,CHK.xlsx,21,473.0,3569.999872,0.012457136278272201,0.02884666898060644,1.8256879225654488,3414.000128,3073.999872,2579.000064,421.0,266.0,178.0,7374.717,2513.2,18594.266,468.871,3,2013,6,90
769,2013-06-30,CHK.xlsx,21,722.0,4099.000064,0.01976112677159046,0.04638232572899561,1.39431733247657,3569.999872,3414.000128,3073.999872,473.0,421.0,266.0,7522.913,2618.387,19259.928,-35.322,6,2013,6,181
770,2013-09-30,CHK.xlsx,21,644.0,5057.999872,0.025875692366223634,0.06953029769477434,1.2492733023255815,4099.000064,3569.999872,3414.000128,722.0,473.0,421.0,7761.289,2766.452,19322.771,-766.779,9,2013,0,273
771,2013-12-31,CHK.xlsx,21,497.0,4552.0,0.02764020767578177,0.0709512540964559,1.3824734549371835,5057.999872,4099.000064,3569.999872,644.0,722.0,473.0,8078.372,2695.484,19102.562,-437.69,12,2013,1,365
772,2014-03-31,CHK.xlsx,21,865.0,5190.000128,0.03235902532724169,0.08593972982981939,0.9681730579483923,4552.0,5057.999872,4099.000064,497.0,644.0,722.0,8527.393,2950.2,18834.401,930.656,3,2014,0,90
773,2014-06-30,CHK.xlsx,21,588.0,5152.0,0.030572100870075364,0.08324589529861937,1.0934438538203417,5190.000128,4552.0,5057.999872,865.0,497.0,644.0,8847.519,3114.806,19247.071,140.575,6,2014,0,181
774,2014-09-30,CHK.xlsx,21,569.0,5080.999936,0.03041929267664538,0.04747271992672145,1.4756756521673808,5152.0,5190.000128,4552.0,588.0,865.0,497.0,9266.317,3196.323,19700.626,-198.734,9,2014,1,273
775,2014-12-31,CHK.xlsx,21,190.0,4773.000192,0.027698012159908015,0.03727496736176966,1.8576017815845824,5080.999936,5152.0,5190.000128,569.0,588.0,865.0,9383.585,3054.774,19272.857,697.511,12,2014,2,365
776,2015-03-31,CHK.xlsx,21,228.923072,3492.0,0.02005508070574775,0.010870687535523883,1.5739673862479844,4773.000192,5080.999936,5152.0,190.0,569.0,588.0,9658.484,3375.333,19260.905,858.02,3,2015,1,90
777,2015-06-30,CHK.xlsx,21,221.0,3822.000128,0.01823449372792085,0.0003535932829845041,1.2114485981308412,3492.0,4773.000192,5080.999936,228.923072,190.0,569.0,9445.372,3355.065,20118.767,-56.295,6,2015,1,181
778,2015-09-30,CHK.xlsx,21,161.0,3443.000064,0.009792246253736406,0.014734269890898806,1.0147058823529411,3822.000128,3492.0,4773.000192,221.0,228.923072,190.0,9400.599,3488.516,19469.679,264.394,9,2015,2,273
779,2015-12-31,CHK.xlsx,21,-19.538462,2700.0,-0.003290424595905241,0.0,1.6465477943963258,3443.000064,3822.000128,3492.0,161.0,221.0,228.923072,9201.996,3344.774,19062.961,1020.325,12,2015,3,365
780,2016-03-31,CHK.xlsx,21,11.615385,1995.000064,-0.0026744419385421278,0.0,1.1264251056151988,2700.0,3443.000064,3822.000128,-19.538462,161.0,221.0,8873.962,3570.4,19346.261,355.095,3,2016,3,91
781,2016-06-30,CHK.xlsx,21,-115.0,2166.000128,-0.018609956409254693,0.0,3.9234972677595628,1995.000064,2700.0,3443.000064,11.615385,-19.538462,161.0,8662.136,3603.839,19753.69,571.888,6,2016,3,182
782,2016-09-30,CHK.xlsx,21,-141.0,2112.999936,-0.017868023070635796,0.0,3.618705035971223,2166.000128,1995.000064,2700.0,-115.0,11.615385,-19.538462,8803.808,3544.323,19684.138,23.902,9,2016,4,274
783,2016-12-31,CHK.xlsx,21,148.0,2416.0,-0.003071762205820324,0.0,1.4619422572178478,2112.999936,2166.000128,1995.000064,-141.0,-115.0,11.615385,8874.755,3395.032,19289.554,778.953,12,2016,5,366
784,2017-03-31,CHK.xlsx,21,-85.0,2427.000064,-0.011326421643997634,0.0,3.992481203007519,2416.0,2112.999936,2166.000128,148.0,-141.0,-115.0,9101.383,3682.233,19621.157,-95.43,3,2017,4,90
785,2017-06-30,CHK.xlsx,21,215.0,2079.000064,0.011243056678745597,0.0,1.5273972602739727,2427.000064,2416.0,2112.999936,-85.0,148.0,-141.0,9246.986,3822.097,20125.278,-374.882,6,2017,4,181
786,2017-09-30,CHK.xlsx,21,211.0,2044.0,0.014024336564661294,0.0,1.383442265795207,2079.000064,2427.000064,2416.0,215.0,-85.0,148.0,9668.587,4019.742,19970.876,-1161.213,9,2017,5,273
787,2017-12-31,CHK.xlsx,21,-527.769216,2592.0,-0.05433937254502806,0.0,0.8058625412901477,2044.0,2079.000064,2427.000064,211.0,215.0,-85.0,10001.026,3852.968,20564.365,-405.156,12,2017,6,365
788,2018-03-31,CHK.xlsx,21,196.265824,2608.0,0.04438932112007217,0.0,0.671483244466392,2592.0,2044.0,2079.000064,-527.769216,211.0,215.0,10499.861,4285.767,20038.353,118.572,3,2018,5,90
789,2018-06-30,CHK.xlsx,21,48.0,2423.000064,0.030328510538598,0.0,1.1464354527938343,2608.0,2592.0,2044.0,196.265824,-527.769216,211.0,10897.23,4451.677,20671.374,185.729,6,2018,5,181
790,2018-09-30,CHK.xlsx,21,168.265824,2427.000064,0.022258116883116883,0.0,0.873940163518426,2423.000064,2608.0,2592.0,48.0,196.265824,-527.769216,11508.62,4587.677,20785.793,-520.494,9,2018,6,273
791,2018-12-31,CHK.xlsx,21,139.0,2480.0,-0.00612082683361937,0.0,0.8521256931608133,2427.000064,2423.000064,2608.0,168.265824,48.0,196.265824,11868.52,4554.065,20614.981,246.004,12,2018,0,365
792,2019-03-31,CHK.xlsx,21,-149.0,2161.999872,-0.00989729509339887,0.0,1.4058355437665782,2480.0,2427.000064,2423.000064,139.0,168.265824,48.0,12148.594,4790.233,20332.6,596.143,3,2019,6,90
793,2019-06-30,CHK.xlsx,21,27.0,2100.999936,-0.01269069610867242,0.0,0.9319286871961102,2161.999872,2480.0,2427.000064,-149.0,139.0,168.265824,11902.106,4707.323,20734.572,158.326,6,2019,6,181
794,2019-09-30,CHK.xlsx,21,42.0,2059.000064,-0.024057732560471,0.0,0.9533762057877814,2100.999936,2161.999872,2480.0,27.0,-149.0,139.0,12809.474,5022.258,20713.986,-531.711,9,2019,0,273
795,2019-12-31,CHK.xlsx,21,41.0,2095.000064,-0.03344419469026549,-0.3752294584747529,0.889763779527559,2059.000064,2100.999936,2161.999872,42.0,27.0,-149.0,12852.266,5205.774,19933.39,581.083,12,2019,1,365
796,2020-03-31,CHK.xlsx,21,300.0,2524.999936,-0.06740422882263666,0.0,0.5736434108527132,2095.000064,2059.000064,2100.999936,41.0,42.0,27.0,11913.743,4934.267,14548.505,2657.878,3,2020,1,91
797,2020-06-30,CHK.xlsx,21,-382.0,507.0,-0.09417314744376026,0.0,-1.5580357142857142,2524.999936,2095.000064,2059.000064,300.0,41.0,42.0,11005.949,5367.581,18381.073,-116.069,6,2020,1,182
802,2012-03-31,SD.xlsx,22,-16.485,256.179008,0.007229314588181954,-0.022098899319308904,7.07266110419066,357.820992,355.939008,346.500992,90.147,93.793,85.69,6320.018,2378.833,18162.625,73.839,3,2012,5,91
803,2012-06-30,SD.xlsx,22,81.695,567.553984,0.039855245742663255,0.10203424725437218,2.2056478912577977,256.179008,357.820992,355.939008,-16.485,90.147,93.793,6431.241,2326.581,18540.192,60.797,6,2012,5,182
804,2012-09-30,SD.xlsx,22,147.652,561.768,0.006911114745032151,0.00043010563519857957,1.522055801448955,567.553984,256.179008,357.820992,81.695,-16.485,90.147,6969.575,2506.774,18707.948,-311.896,9,2012,6,274
805,2012-12-31,SD.xlsx,22,154.568,1377.181952,0.012208010304764321,0.034243028729461486,1.5108694027068317,561.768,567.553984,256.179008,147.652,81.695,-16.485,7083.902,2378.742,18735.783,98.436,12,2012,0,366
806,2013-03-31,SD.xlsx,22,93.481,495.604992,0.018812285206039385,-0.024622889595759007,1.583957480873686,1377.181952,561.768,567.553984,154.568,147.652,81.695,7374.717,2513.2,18594.266,468.871,3,2013,6,90
807,2013-06-30,SD.xlsx,22,130.848,530.048992,-0.023186016828564523,-0.15769648863511757,1.4231890465002377,495.604992,1377.181952,561.768,93.481,154.568,147.652,7522.913,2618.387,19259.928,-35.322,6,2013,6,181
808,2013-09-30,SD.xlsx,22,123.735,481.107008,-0.01953737812012637,-0.15272895485876128,1.2107762467286476,530.048992,495.604992,1377.181952,130.848,93.481,154.568,7761.289,2766.452,19322.771,-766.779,9,2013,0,273
809,2013-12-31,SD.xlsx,22,94.62,477.888,-0.008875881774424017,-0.0998853330218032,1.3667060444969483,481.107008,530.048992,495.604992,123.735,130.848,93.481,8078.372,2695.484,19102.562,-437.69,12,2013,1,365
810,2014-03-31,SD.xlsx,22,90.539,400.564992,0.003429036279742703,-0.02204960914233871,1.496144563065547,477.888,481.107008,530.048992,94.62,123.735,130.848,8527.393,2950.2,18834.401,930.656,3,2014,0,90
811,2014-06-30,SD.xlsx,22,46.061,289.422016,-0.009437250352761453,-0.11584748241327983,2.0516885679416617,400.564992,477.888,481.107008,90.539,94.62,123.735,8847.519,3114.806,19247.071,140.575,6,2014,0,181
812,2014-09-30,SD.xlsx,22,126.733,397.552,0.016126364260220603,0.06312264362086821,1.634745537078562,289.422016,400.564992,477.888,46.061,90.539,94.62,9266.317,3196.323,19700.626,-198.734,9,2014,1,273
813,2014-12-31,SD.xlsx,22,131.513,407.492,0.03568101442194219,0.10563133120576358,1.889133789593843,397.552,289.422016,400.564992,126.733,46.061,90.539,9383.585,3054.774,19272.857,697.511,12,2014,2,365
814,2015-03-31,SD.xlsx,22,-3.527,265.135008,-0.040809504266349224,-0.3874580666617442,3.252495104677944,407.492,397.552,289.422016,131.513,126.733,46.061,9658.484,3375.333,19260.905,858.02,3,2015,1,90
815,2015-06-30,SD.xlsx,22,-40.9,196.603008,-0.11654965705001898,0.0,3.9415227748611654,265.135008,407.492,397.552,-3.527,131.513,126.733,9445.372,3355.065,20118.767,-56.295,6,2015,1,181
816,2015-09-30,SD.xlsx,22,28.026,222.363008,-0.17590388173390456,0.0,1.1810756708779482,196.603008,265.135008,407.492,-40.9,-3.527,131.513,9400.599,3488.516,19469.679,264.394,9,2015,2,273
817,2015-12-31,SD.xlsx,22,-21.57,157.668992,-0.22867936844119538,0.0,2.82063243958158,222.363008,196.603008,265.135008,28.026,-40.9,-3.527,9201.996,3344.774,19062.961,1020.325,12,2015,3,365
818,2016-03-31,SD.xlsx,22,-76.229,93.14,-0.24634471902791433,0.0,-1.9031509657925976,157.668992,222.363008,196.603008,-21.57,28.026,-40.9,8873.962,3570.4,19346.261,355.095,3,2016,3,91
819,2016-06-30,SD.xlsx,22,-21.919,91.452,-0.22102512196172097,0.0,4.282232643960944,93.14,157.668992,222.363008,-76.229,-21.57,28.026,8662.136,3603.839,19753.69,571.888,6,2016,3,182
820,2016-09-30,SD.xlsx,22,-1.995,104.394,-0.2666520252538593,0.0,1.8900922961009607,91.452,93.14,157.668992,-21.919,-76.229,-21.57,8803.808,3544.323,19684.138,23.902,9,2016,4,274
821,2016-12-31,SD.xlsx,22,25.845,98.456,-0.03780337025379664,0.0,0.8107565345633688,104.394,91.452,93.14,-1.995,-21.919,-76.229,8874.755,3395.032,19289.554,778.953,12,2016,5,366
822,2017-03-31,SD.xlsx,22,22.135,98.35,-0.1496110591102588,0.0,1.815464060305087,98.456,104.394,91.452,25.845,-1.995,-21.919,9101.383,3682.233,19621.157,-95.43,3,2017,4,90
823,2017-06-30,SD.xlsx,22,27.610616,108.394,-0.030301969045847796,0.0,0.7805252609421796,98.35,98.456,104.394,22.135,25.845,-1.995,9246.986,3822.097,20125.278,-374.882,6,2017,4,181
824,2017-09-30,SD.xlsx,22,-3.552,80.892,0.05992757225136867,0.0,2.200061583249356,108.394,98.35,98.456,27.610616,22.135,25.845,9668.587,4019.742,19970.876,-1161.213,9,2017,5,273
825,2017-12-31,SD.xlsx,22,15.130385,93.206,0.04767973362272753,0.0775721293072874,0.37430548474844993,80.892,108.394,98.35,-3.552,27.610616,22.135,10001.026,3852.968,20564.365,-405.156,12,2017,6,365
826,2018-03-31,SD.xlsx,22,11.539,87.128,0.002336684895956315,0.003029637666619091,1.5349855934784136,93.206,80.892,108.394,15.130385,-3.552,27.610616,10499.861,4285.767,20038.353,118.572,3,2018,5,90
827,2018-06-30,SD.xlsx,22,9.874,79.462,-0.0067409961577178405,-0.008854262506102589,0.6792250712250711,87.128,93.206,80.892,11.539,15.130385,-3.552,10897.23,4451.677,20671.374,185.729,6,2018,5,181
828,2018-09-30,SD.xlsx,22,23.151,97.66,-0.005250826115359277,-0.006905728015136526,0.8686505727347875,79.462,87.128,93.206,9.874,11.539,15.130385,11508.62,4587.677,20785.793,-520.494,9,2018,6,273
829,2018-12-31,SD.xlsx,22,10.519,85.145,0.012464755767803135,0.01583493374953825,1.1282342026595196,97.66,79.462,87.128,23.151,9.874,11.539,11868.52,4554.065,20614.981,246.004,12,2018,0,365
830,2019-03-31,SD.xlsx,22,-4.116,73.236,0.007617426560587516,0.009615547106041403,1.7547319505837016,85.145,97.66,79.462,10.519,23.151,9.874,12148.594,4790.233,20332.6,596.143,3,2019,6,90
831,2019-06-30,SD.xlsx,22,-8.081,75.388,0.0009122169712810492,0.0011734082451710951,1.7989744784990094,73.236,85.145,97.66,-4.116,10.519,23.151,11902.106,4707.323,20734.572,158.326,6,2019,6,181
832,2019-09-30,SD.xlsx,22,-17.334,58.369,-0.06511244691131068,-0.0853390051454083,1.9188759278897134,75.388,73.236,85.145,-8.081,-4.116,10.519,12809.474,5022.258,20713.986,-531.711,9,2019,0,273
833,2019-12-31,SD.xlsx,22,-3.964,59.852,-0.03647856298221261,-0.047620609612401554,0.6775194800995828,58.369,75.388,73.236,-17.334,-8.081,-4.116,12852.266,5205.774,19933.39,581.083,12,2019,1,365
834,2020-03-31,SD.xlsx,22,-11.648,40.329,-0.04577919425737877,-0.060295468795195255,0.3441701912758033,59.852,58.369,75.388,-3.964,-17.334,-8.081,11913.743,4934.267,14548.505,2657.878,3,2020,1,91
835,2020-06-30,SD.xlsx,22,-13.448,16.655,-0.050736259880591404,-0.07065637928861361,0.8309945088468579,40.329,59.852,58.369,-11.648,-3.964,-17.334,11005.949,5367.581,18381.073,-116.069,6,2020,1,182
840,2012-03-31,OVV.xlsx,23,381.0,1728.999936,0.004385677949705385,0.009929100362375926,1.1570247933884297,1883.000064,1952.999936,1959.000064,486.0,619.0,560.0,6320.018,2378.833,18162.625,73.839,3,2012,5,91
841,2012-06-30,OVV.xlsx,23,374.0,1526.0,0.027468380186239833,0.0633466234081427,0.942080378250591,1728.999936,1883.000064,1952.999936,381.0,486.0,619.0,6431.241,2326.581,18540.192,60.797,6,2012,5,182
842,2012-09-30,OVV.xlsx,23,443.0,1623.000064,0.04806480559596051,0.11653181350873709,0.870391061452514,1526.0,1728.999936,1883.000064,374.0,381.0,486.0,6969.575,2506.774,18707.948,-311.896,9,2012,6,274
843,2012-12-31,OVV.xlsx,23,547.0,1723.000064,0.06629467207781535,0.20125423577310395,0.7862903225806451,1623.000064,1526.0,1728.999936,443.0,374.0,381.0,7083.902,2378.742,18735.783,98.436,12,2012,0,366
844,2013-03-31,OVV.xlsx,23,235.0,1444.999936,0.061229927000781954,0.19187856067101966,1.1349206349206349,1723.000064,1623.000064,1526.0,547.0,443.0,374.0,7374.717,2513.2,18594.266,468.871,3,2013,6,90
845,2013-06-30,OVV.xlsx,23,321.0,1523.000064,0.04718066711794511,0.14853849085883983,0.8937062937062937,1444.999936,1723.000064,1623.000064,235.0,547.0,443.0,7522.913,2618.387,19259.928,-35.322,6,2013,6,181
846,2013-09-30,OVV.xlsx,23,325.0,1518.0,0.043869999830852734,0.14965239663373583,0.8990182328190743,1523.000064,1444.999936,1723.000064,321.0,235.0,547.0,7761.289,2766.452,19322.771,-766.779,9,2013,0,273
847,2013-12-31,OVV.xlsx,23,443.0,1719.000064,0.030152965562915177,0.10496073420465678,0.8628158844765343,1518.0,1523.000064,1444.999936,325.0,321.0,235.0,8078.372,2695.484,19102.562,-437.69,12,2013,1,365
848,2014-03-31,OVV.xlsx,23,816.0,2176.0,0.05910715405946392,0.2097423510466989,0.4141004862236629,1719.000064,1518.0,1523.000064,443.0,325.0,321.0,8527.393,2950.2,18834.401,930.656,3,2014,0,90
849,2014-06-30,OVV.xlsx,23,322.0,1580.999936,0.041320861923990634,0.12579398875839706,0.775623268698061,2176.0,1719.000064,1518.0,816.0,443.0,325.0,8847.519,3114.806,19247.071,140.575,6,2014,0,181
850,2014-09-30,OVV.xlsx,23,452.0,2052.0,0.037283532165568865,0.09930856649904397,0.6443965517241379,1580.999936,2176.0,1719.000064,322.0,816.0,443.0,9266.317,3196.323,19700.626,-198.734,9,2014,1,273
851,2014-12-31,OVV.xlsx,23,333.0,1754.0,0.029445932586768333,0.07915318094233992,1.1045918367346939,2052.0,1580.999936,2176.0,452.0,322.0,816.0,9383.585,3054.774,19272.857,697.511,12,2014,2,365
852,2015-03-31,OVV.xlsx,23,166.0,1376.999936,-0.00673753328358128,-0.01828282680153857,1.1645569620253164,1754.0,2052.0,1580.999936,333.0,452.0,322.0,9658.484,3375.333,19260.905,858.02,3,2015,1,90
853,2015-06-30,OVV.xlsx,23,225.0,1123.000064,-0.017948099091092587,-0.046345982014779,1.2051696284329563,1376.999936,1754.0,2052.0,166.0,333.0,452.0,9445.372,3355.065,20118.767,-56.295,6,2015,1,181
854,2015-09-30,OVV.xlsx,23,119.0,1128.0,-0.04363233993916017,-0.10392982812181717,1.0042462845010616,1123.000064,1376.999936,1754.0,225.0,166.0,333.0,9400.599,3488.516,19469.679,264.394,9,2015,2,273
855,2015-12-31,OVV.xlsx,23,218.0,1119.000064,-0.037613651056556556,-0.09525611910169066,0.5668016194331984,1128.0,1123.000064,1376.999936,119.0,225.0,166.0,9201.996,3344.774,19062.961,1020.325,12,2015,3,365
856,2016-03-31,OVV.xlsx,23,-45.0,807.0,-0.006597176813856086,-0.01670549966715484,1.662037037037037,1119.000064,1128.0,1123.000064,218.0,119.0,225.0,8873.962,3570.4,19346.261,355.095,3,2016,3,91
857,2016-06-30,OVV.xlsx,23,23.0,821.0,8.978727545041951e-05,0.000239703244003854,0.849802371541502,807.0,1119.000064,1128.0,-45.0,218.0,119.0,8662.136,3603.839,19753.69,571.888,6,2016,3,182
858,2016-09-30,OVV.xlsx,23,89.0,937.0,0.014558689454808288,0.03582734870829658,0.7509157509157509,821.0,807.0,1119.000064,23.0,-45.0,218.0,8803.808,3544.323,19684.138,23.902,9,2016,4,274
859,2016-12-31,OVV.xlsx,23,96.0,989.0,0.04103479062605081,0.10103311090300134,1.2607142857142857,937.0,821.0,807.0,89.0,23.0,-45.0,8874.755,3395.032,19289.554,778.953,12,2016,5,366
860,2017-03-31,OVV.xlsx,23,127.0,927.0,0.03566438057076988,0.08863621715408058,1.2707006369426752,989.0,937.0,821.0,96.0,89.0,23.0,9101.383,3682.233,19621.157,-95.43,3,2017,4,90
861,2017-06-30,OVV.xlsx,23,321.0,1083.000064,0.0486477534651376,0.12457404412629881,0.8073929961089494,927.0,989.0,937.0,127.0,96.0,89.0,9246.986,3822.097,20125.278,-374.882,6,2017,4,181
862,2017-09-30,OVV.xlsx,23,-4.0,861.0,0.057628746021632184,0.12987319726543037,2.296116504854369,1083.000064,927.0,989.0,321.0,127.0,96.0,9668.587,4019.742,19970.876,-1161.213,9,2017,5,273
863,2017-12-31,OVV.xlsx,23,216.0,1164.0,0.040408616042780746,0.09405833375592554,1.1089324618736383,861.0,1083.000064,927.0,-4.0,321.0,127.0,10001.026,3852.968,20564.365,-405.156,12,2017,6,365
864,2018-03-31,OVV.xlsx,23,269.0,1244.999936,0.0420246529591642,0.09416921931287046,0.9338235294117647,1164.0,861.0,1083.000064,216.0,-4.0,321.0,10499.861,4285.767,20038.353,118.572,3,2018,5,90
865,2018-06-30,OVV.xlsx,23,210.0,1308.999936,0.03703096009723192,0.08403630201480773,1.1666666666666667,1244.999936,1164.0,861.0,269.0,216.0,-4.0,10897.23,4451.677,20671.374,185.729,6,2018,5,181
866,2018-09-30,OVV.xlsx,23,119.0,1262.0,0.04037957841245936,0.09145183921539492,1.1175213675213675,1308.999936,1244.999936,1164.0,210.0,269.0,216.0,11508.62,4587.677,20785.793,-520.494,9,2018,6,273
867,2018-12-31,OVV.xlsx,23,1354.0,2380.999936,0.04497268307499727,0.09711878860184868,0.20505287896592245,1262.0,1308.999936,1244.999936,119.0,210.0,269.0,11868.52,4554.065,20614.981,246.004,12,2018,0,365
868,2019-03-31,OVV.xlsx,23,-113.0,1235.000064,0.04355958252087624,0.09353006851648747,2.5205479452054793,2380.999936,1262.0,1308.999936,1354.0,119.0,210.0,12148.594,4790.233,20332.6,596.143,3,2019,6,90
869,2019-06-30,OVV.xlsx,23,555.0,2055.000064,0.05117512834781355,0.11428554202657606,0.6744604316546763,1235.000064,2380.999936,1262.0,-113.0,1354.0,119.0,11902.106,4707.323,20734.572,158.326,6,2019,6,181
870,2019-09-30,OVV.xlsx,23,319.0,1871.000064,0.0507716837674914,0.11343287499002035,0.6359550561797753,2055.000064,1235.000064,2380.999936,555.0,-113.0,1354.0,12809.474,5022.258,20713.986,-531.711,9,2019,0,273
871,2019-12-31,OVV.xlsx,23,-24.0,1564.999936,0.05084421684934455,0.107765627398803,1.015929203539823,1871.000064,2055.000064,1235.000064,319.0,555.0,-113.0,12852.266,5205.774,19933.39,581.083,12,2019,1,365
872,2020-03-31,OVV.xlsx,23,1036.0,2643.000064,0.031423098704919425,0.06603728178495089,0.5031847133757962,1564.999936,1871.000064,2055.000064,-24.0,319.0,555.0,11913.743,4934.267,14548.505,2657.878,3,2020,1,91
873,2020-06-30,OVV.xlsx,23,-728.0,726.0,0.016229717984064848,0.03937095833830346,-1.0723404255319149,2643.000064,1564.999936,1871.000064,1036.0,-24.0,319.0,11005.949,5367.581,18381.073,-116.069,6,2020,1,182
903,2018-06-30,MGY.xlsx,24,101.332,199.987008,0.4361105164218578,0.4566113935726612,0.497543819900723,172.312,124.978,86.615,92.512,63.618,38.367,10897.23,4451.677,20671.374,185.729,6,2018,5,181
904,2018-09-30,MGY.xlsx,24,106.174,255.05,0.16009953629023316,0.2775872985495771,0.31120003192698115,199.987008,172.312,124.978,101.332,92.512,63.618,11508.62,4587.677,20785.793,-520.494,9,2018,6,273
905,2018-12-31,MGY.xlsx,24,76.351,255.055008,0.1137757144284661,0.17798036866290073,0.5620556064722467,255.05,199.987008,172.312,106.174,101.332,92.512,11868.52,4554.065,20614.981,246.004,12,2018,0,365
906,2019-03-31,MGY.xlsx,24,33.868,218.674,0.05504745985156847,0.09744404170937739,0.8732948421462908,255.055008,255.05,199.987008,76.351,106.174,101.332,12148.594,4790.233,20332.6,596.143,3,2019,6,90
907,2019-06-30,MGY.xlsx,24,43.717,242.958,0.06426398011983224,0.11389834647750136,0.7634418487066638,218.674,255.055008,255.05,33.868,76.351,106.174,11902.106,4707.323,20734.572,158.326,6,2019,6,181
908,2019-09-30,MGY.xlsx,24,27.669,244.799008,0.022570998224019995,0.043470990219037546,0.5539812505713021,242.958,218.674,255.055008,43.717,33.868,76.351,12809.474,5022.258,20713.986,-531.711,9,2019,0,273
909,2019-12-31,MGY.xlsx,24,22.684,229.708992,0.014650011972761173,0.027675361137506668,0.4259803326453806,244.799008,242.958,218.674,27.669,43.717,33.868,12852.266,5205.774,19933.39,581.083,12,2019,1,365
910,2020-03-31,MGY.xlsx,24,-583.078016,181.364992,-0.04000202282013011,-0.09095655951229692,-0.21569162057308572,229.708992,244.799008,242.958,22.684,27.669,43.717,11913.743,4934.267,14548.505,2657.878,3,2020,1,91
911,2020-06-30,MGY.xlsx,24,-17.783102,82.839,-0.05217664758277757,-0.11625140745378368,0.9653029151652327,181.364992,229.708992,244.799008,-583.078016,22.684,27.669,11005.949,5367.581,18381.073,-116.069,6,2020,1,182
916,2011-06-30,ESTE.xlsx,25,0.907,2.525,0.0902747909199522,0.12759633895099462,0.771532184950136,2.458,1.987,1.997,0.424,0.401,0.553,5439.853,2206.258,18710.295,226.226,6,2011,3,181
917,2011-09-30,ESTE.xlsx,25,0.742,2.545,0.08922721595060215,0.12217238374907226,2.238928939237899,2.525,2.458,1.987,0.907,0.424,0.401,5902.495,2313.097,18816.849,-394.828,9,2011,4,273
918,2011-12-31,ESTE.xlsx,25,1.654,3.866,0.1323444251414317,0.18437383641553928,0.8596926127912742,2.545,2.525,2.458,0.742,0.907,0.424,6176.529,2384.032,18298.587,630.154,12,2011,5,365
919,2012-03-31,ESTE.xlsx,25,0.559,2.776,0.1393895595987077,0.1962709125190794,3.508455467869222,3.866,2.545,2.525,1.654,0.742,0.907,6320.018,2378.833,18162.625,73.839,3,2012,5,91
920,2012-06-30,ESTE.xlsx,25,0.276,2.347,0.11904565343019897,0.16753805042407344,3.7719298245614037,2.776,3.866,2.545,0.559,1.654,0.742,6431.241,2326.581,18540.192,60.797,6,2012,5,182
921,2012-09-30,ESTE.xlsx,25,0.573,2.809,0.1040280348072607,0.148351956875737,2.485493230174081,2.347,2.776,3.866,0.276,0.559,1.654,6969.575,2506.774,18707.948,-311.896,9,2012,6,274
922,2012-12-31,ESTE.xlsx,25,0.422,2.834,0.0673290981158712,0.10000268824430764,3.856856856856857,2.809,2.347,2.776,0.573,0.276,0.559,7083.902,2378.742,18735.783,98.436,12,2012,0,366
923,2013-03-31,ESTE.xlsx,25,0.77,3.388,0.058469927405314856,0.0921182011074885,2.6419243986254295,2.834,2.809,2.347,0.422,0.573,0.276,7374.717,2513.2,18594.266,468.871,3,2013,6,90
924,2013-06-30,ESTE.xlsx,25,0.886,3.595,0.06806735671249807,0.1109432441960014,2.3098086124401918,3.388,2.834,2.809,0.77,0.422,0.573,7522.913,2618.387,19259.928,-35.322,6,2013,6,181
925,2013-09-30,ESTE.xlsx,25,1.715,4.672,0.08203511805972025,0.14170079498915925,1.394805194805195,3.595,3.388,2.834,0.886,0.77,0.422,7761.289,2766.452,19322.771,-766.779,9,2013,0,273
926,2013-12-31,ESTE.xlsx,25,1.227,4.474,0.09349485031218314,0.16337568481174963,0.760053026955369,4.672,3.595,3.388,1.715,0.886,0.77,8078.372,2695.484,19102.562,-437.69,12,2013,1,365
927,2014-03-31,ESTE.xlsx,25,1.385,4.773,0.09810587663914522,0.17627315850711536,0.752435064935065,4.474,4.672,3.595,1.227,1.715,0.886,8527.393,2950.2,18834.401,930.656,3,2014,0,90
928,2015-03-31,ESTE.xlsx,25,-0.804,12.814,-0.0025639497613417312,-0.0034536873016061728,3.745703125,4.773,4.474,4.672,1.385,1.227,1.715,9658.484,3375.333,19260.905,858.02,3,2015,1,90
929,2015-06-30,ESTE.xlsx,25,-0.456,15.996,0.004620965583916717,0.006354458477755093,3.5798247748844,12.814,4.773,4.474,-0.804,1.385,1.227,9445.372,3355.065,20118.767,-56.295,6,2015,1,181
930,2015-09-30,ESTE.xlsx,25,-0.841,14.834,-0.0015117297875528542,-0.0021323512094020116,2.5057803468208095,15.996,12.814,4.773,-0.456,-0.804,1.385,9400.599,3488.516,19469.679,264.394,9,2015,2,273
931,2015-12-31,ESTE.xlsx,25,-4.353,10.435,-0.18051873198847262,-0.24998239598273114,0.8009592326139089,14.834,15.996,12.814,-0.841,-0.456,-0.804,9201.996,3344.774,19062.961,1020.325,12,2015,3,365
932,2016-03-31,ESTE.xlsx,25,-4.845,8.855,-0.10192556294822888,-0.1311706814760664,3.6136363636363633,10.435,14.834,15.996,-4.353,-0.841,-0.456,8873.962,3570.4,19346.261,355.095,3,2016,3,91
933,2016-06-30,ESTE.xlsx,25,-1.837,10.616,-0.10281523554238083,-0.13023270172473006,1.1720287157670832,8.855,10.435,14.834,-4.845,-4.353,-0.841,8662.136,3603.839,19753.69,571.888,6,2016,3,182
934,2016-09-30,ESTE.xlsx,25,-3.791,11.118,-0.11053017707985772,-0.1440616023228944,6.2901325478645065,10.616,8.855,10.435,-1.837,-4.845,-4.353,8803.808,3544.323,19684.138,23.902,9,2016,4,274
935,2016-12-31,ESTE.xlsx,25,-0.506,14.905,-0.07330838446933216,-0.09658441879172207,1.437956204379562,11.118,10.616,8.855,-3.791,-1.837,-4.845,8874.755,3395.032,19289.554,778.953,12,2016,5,366
936,2017-03-31,ESTE.xlsx,25,-1.84,15.343,-0.06307658776280767,-0.07858903585707322,0.6890395106629195,14.905,11.118,10.616,-0.506,-3.791,-1.837,9101.383,3682.233,19621.157,-95.43,3,2017,4,90
937,2017-06-30,ESTE.xlsx,25,2.955,25.777,0.02517845928931705,0.05702787896128271,0.46044328151454517,15.343,14.905,11.118,-1.84,-0.506,-3.791,9246.986,3822.097,20125.278,-374.882,6,2017,4,181
938,2017-09-30,ESTE.xlsx,25,8.178,31.282,0.03922791419615446,0.08927733114784171,1.0776961314026368,25.777,15.343,14.905,2.955,-1.84,-0.506,9668.587,4019.742,19970.876,-1161.213,9,2017,5,273
939,2017-12-31,ESTE.xlsx,25,13.773,34.739,0.08347586862141727,0.18453530711056862,4.054436023183237,31.282,25.777,15.343,8.178,2.955,-1.84,10001.026,3852.968,20564.365,-405.156,12,2017,6,365
940,2018-03-31,ESTE.xlsx,25,19.91,40.895,0.10365964272902195,0.2248909954422976,1.1272536970761025,34.739,31.282,25.777,13.773,8.178,2.955,10499.861,4285.767,20038.353,118.572,3,2018,5,90
941,2018-06-30,ESTE.xlsx,25,14.0,37.15,0.0522650413114469,0.16868617187998244,1.4179429308399163,40.895,34.739,31.282,19.91,13.773,8.178,10897.23,4451.677,20671.374,185.729,6,2018,5,181
942,2018-09-30,ESTE.xlsx,25,23.403,46.076,0.06751546892003864,0.21940443724481962,1.4257414815836669,37.15,40.895,34.739,14.0,19.91,13.773,11508.62,4587.677,20785.793,-520.494,9,2018,6,273
943,2018-12-31,ESTE.xlsx,25,9.547,39.787,0.005550976923905323,0.01662835973112376,2.630194080747695,46.076,37.15,40.895,23.403,14.0,19.91,11868.52,4554.065,20614.981,246.004,12,2018,0,365
944,2019-03-31,ESTE.xlsx,25,12.732,40.728,0.029751069940091083,0.09085185425168327,1.8134794479560161,39.787,46.076,37.15,9.547,23.403,14.0,12148.594,4790.233,20332.6,596.143,3,2019,6,90
945,2019-06-30,ESTE.xlsx,25,19.252,49.136,0.024368370901805794,0.07387567362783103,0.9409847828036714,40.728,39.787,46.076,12.732,9.547,23.403,11902.106,4707.323,20734.572,158.326,6,2019,6,181
946,2019-09-30,ESTE.xlsx,25,11.584,39.204,0.003920168265300361,0.012255908788353165,1.601605424151502,49.136,40.728,39.787,19.252,12.732,9.547,12809.474,5022.258,20713.986,-531.711,9,2019,0,273
947,2019-12-31,ESTE.xlsx,25,21.593,68.994,0.05390757924790953,0.16878642749049758,1.7173828325299967,39.204,49.136,40.728,11.584,19.252,12.732,12852.266,5205.774,19933.39,581.083,12,2019,1,365
948,2020-03-31,ESTE.xlsx,25,0.643,45.138,0.002954605508655182,0.009241582505873794,1.556820427684889,68.994,39.204,49.136,21.593,11.584,19.252,11913.743,4934.267,14548.505,2657.878,3,2020,1,91
949,2020-06-30,ESTE.xlsx,25,-15.036,21.663,0.02869883194405337,0.08749306689640977,3.5869565217391304,45.138,68.994,39.204,0.643,21.593,11.584,11005.949,5367.581,18381.073,-116.069,6,2020,1,182
954,2012-03-31,SWN.xlsx,26,184.326,654.835008,0.08140718294158876,0.1675478563912962,1.4722347307113326,744.150016,767.254976,765.166016,263.89,295.718016,282.542016,6320.018,2378.833,18162.625,73.839,3,2012,5,91
955,2012-06-30,SWN.xlsx,26,154.606,606.076032,0.07440562322870936,0.15537077846079722,1.6043003734949193,654.835008,744.150016,767.254976,184.326,263.89,295.718016,6431.241,2326.581,18540.192,60.797,6,2012,5,182
956,2012-09-30,SWN.xlsx,26,223.862,691.726976,0.06793871694474099,0.1414555713246385,1.126664260578727,606.076032,654.835008,744.150016,154.606,184.326,263.89,6969.575,2506.774,18707.948,-311.896,9,2012,6,274
957,2012-12-31,SWN.xlsx,26,276.313984,777.355008,0.0664833207190538,0.13894640191766774,1.0024997214910374,691.726976,606.076032,654.835008,223.862,154.606,184.326,7083.902,2378.742,18735.783,98.436,12,2012,0,366
958,2013-03-31,SWN.xlsx,26,251.96,733.649024,0.06803266019790445,0.14550636085623395,1.118440957349267,777.355008,691.726976,606.076032,276.313984,223.862,154.606,7374.717,2513.2,18594.266,468.871,3,2013,6,90
959,2013-06-30,SWN.xlsx,26,325.0,862.0,0.08256419233235461,0.18142928700153677,1.356139150749152,733.649024,777.355008,691.726976,251.96,276.313984,223.862,7522.913,2618.387,19259.928,-35.322,6,2013,6,181
960,2013-09-30,SWN.xlsx,26,309.228992,868.366016,0.08985792432984491,0.19856500914389927,1.0658865456646724,862.0,733.649024,777.355008,325.0,251.96,276.313984,7761.289,2766.452,19322.771,-766.779,9,2013,0,273
961,2013-12-31,SWN.xlsx,26,317.116992,907.089024,0.09351901736070062,0.20768317002541442,0.9843565324423746,868.366016,862.0,733.649024,309.228992,325.0,251.96,8078.372,2695.484,19102.562,-437.69,12,2013,1,365
962,2014-03-31,SWN.xlsx,26,397.0,1075.000064,0.10120290649974571,0.2255728049270152,0.8440514469453376,907.089024,868.366016,862.0,317.116992,309.228992,325.0,8527.393,2950.2,18834.401,930.656,3,2014,0,90
963,2014-06-30,SWN.xlsx,26,367.0,1035.0,0.09664868386345371,0.21533646299148057,1.0217755443886096,1075.000064,907.089024,868.366016,397.0,317.116992,309.228992,8847.519,3114.806,19247.071,140.575,6,2014,0,181
964,2014-09-30,SWN.xlsx,26,286.0,928.0,0.09332761841436567,0.20392093406023062,1.0858778625954197,1035.0,1075.000064,907.089024,367.0,397.0,317.116992,9266.317,3196.323,19700.626,-198.734,9,2014,1,273
965,2014-12-31,SWN.xlsx,26,289.615392,962.0,0.06973403657836989,0.19338483824239497,10.449015520092113,928.0,1035.0,1075.000064,286.0,367.0,397.0,9383.585,3054.774,19272.857,697.511,12,2014,2,365
966,2015-03-31,SWN.xlsx,26,242.538464,969.0,0.057575616189171466,0.14436448427371798,0.9485779904690469,962.0,928.0,1035.0,289.615392,286.0,367.0,9658.484,3375.333,19260.905,858.02,3,2015,1,90
967,2015-06-30,SWN.xlsx,26,27.538462,816.0,0.044392836280597495,0.10263620309681114,1.380583399230021,969.0,962.0,928.0,242.538464,289.615392,286.0,9445.372,3355.065,20118.767,-56.295,6,2015,1,181
968,2015-09-30,SWN.xlsx,26,49.0,798.0,0.0350718518496032,0.07508922129825693,1.2941176470588236,816.0,969.0,962.0,27.538462,242.538464,289.615392,9400.599,3488.516,19469.679,264.394,9,2015,2,273
969,2015-12-31,SWN.xlsx,26,76.0,754.0,0.014366348040430178,0.02272159877371144,1.395189003436426,798.0,816.0,969.0,49.0,27.538462,242.538464,9201.996,3344.774,19062.961,1020.325,12,2015,3,365
970,2016-03-31,SWN.xlsx,26,5.0,586.0,0.003497268520357756,0.0,1.3243243243243243,754.0,798.0,816.0,76.0,49.0,27.538462,8873.962,3570.4,19346.261,355.095,3,2016,3,91
971,2016-06-30,SWN.xlsx,26,10.0,545.0,0.0015824508572997874,0.0,0.38461538461538464,586.0,754.0,798.0,5.0,76.0,49.0,8662.136,3603.839,19753.69,571.888,6,2016,3,182
972,2016-09-30,SWN.xlsx,26,84.0,641.0,0.0026865432914028515,0.0,0.819672131147541,545.0,586.0,754.0,10.0,5.0,76.0,8803.808,3544.323,19684.138,23.902,9,2016,4,274
973,2016-12-31,SWN.xlsx,26,147.0,697.0,0.00490147267031978,0.0,0.8803418803418803,641.0,545.0,586.0,84.0,10.0,5.0,8874.755,3395.032,19289.554,778.953,12,2016,5,366
974,2017-03-31,SWN.xlsx,26,235.0,816.0,0.03063083093023806,0.0,0.9970674486803519,697.0,641.0,545.0,147.0,84.0,10.0,9101.383,3682.233,19621.157,-95.43,3,2017,4,90
975,2017-06-30,SWN.xlsx,26,147.0,772.0,0.045994337513344974,0.0,1.0333333333333334,816.0,697.0,641.0,235.0,147.0,84.0,9246.986,3822.097,20125.278,-374.882,6,2017,4,181
976,2017-09-30,SWN.xlsx,26,126.0,751.0,0.050278442582407136,0.0,1.2413793103448276,772.0,816.0,697.0,147.0,235.0,147.0,9668.587,4019.742,19970.876,-1161.213,9,2017,5,273
977,2017-12-31,SWN.xlsx,26,192.0,835.0,0.05523958194674702,0.0,1.0,751.0,772.0,816.0,126.0,147.0,235.0,10001.026,3852.968,20564.365,-405.156,12,2017,6,365
978,2018-03-31,SWN.xlsx,26,255.0,911.0,0.05655789101488262,0.0,0.7587939698492462,835.0,751.0,772.0,192.0,126.0,147.0,10499.861,4285.767,20038.353,118.572,3,2018,5,90
979,2018-06-30,SWN.xlsx,26,170.0,836.0,0.06222934554678692,0.28647880276663595,1.2243589743589745,911.0,835.0,751.0,255.0,192.0,126.0,10897.23,4451.677,20671.374,185.729,6,2018,5,181
980,2018-09-30,SWN.xlsx,26,223.0,945.0,0.08149799529196962,0.0,0.8901098901098901,836.0,911.0,835.0,170.0,255.0,192.0,11508.62,4587.677,20785.793,-520.494,9,2018,6,273
981,2018-12-31,SWN.xlsx,26,259.0,1076.0,0.08890223671876511,0.4510703805328813,0.7175572519083969,945.0,836.0,911.0,223.0,170.0,255.0,11868.52,4554.065,20614.981,246.004,12,2018,0,365
982,2019-03-31,SWN.xlsx,26,204.0,980.0,0.08842288031223502,0.24405059805068227,0.7889908256880734,1076.0,945.0,836.0,259.0,223.0,170.0,12148.594,4790.233,20332.6,596.143,3,2019,6,90
983,2019-06-30,SWN.xlsx,26,74.0,701.0,0.08246662013936785,0.2101414013503376,1.64,980.0,1076.0,945.0,204.0,259.0,223.0,11902.106,4707.323,20734.572,158.326,6,2019,6,181
984,2019-09-30,SWN.xlsx,26,76.0,724.0,0.05869800820152314,0.15010861783031892,1.3726415094339623,701.0,980.0,1076.0,74.0,204.0,259.0,12809.474,5022.258,20713.986,-531.711,9,2019,0,273
985,2019-12-31,SWN.xlsx,26,145.0,813.0,0.052421286548683554,0.11697574626018269,0.8043478260869565,724.0,701.0,980.0,76.0,74.0,204.0,12852.266,5205.774,19933.39,581.083,12,2019,1,365
986,2020-03-31,SWN.xlsx,26,92.0,685.0,0.04006313476359019,0.101246226821906,0.5714285714285714,813.0,724.0,701.0,145.0,76.0,74.0,11913.743,4934.267,14548.505,2657.878,3,2020,1,91
987,2020-06-30,SWN.xlsx,26,20.0,530.0,0.03549549631413036,0.10089628185093825,0.8531468531468531,685.0,813.0,724.0,92.0,145.0,76.0,11005.949,5367.581,18381.073,-116.069,6,2020,1,182
994,2012-09-30,AMPY.xlsx,27,3.674,55.498,0.0,0.0,2.928184833847407,49.259,48.41,61.863,4.064,2.342,-32.289,6969.575,2506.774,18707.948,-311.896,9,2012,6,274
995,2012-12-31,AMPY.xlsx,27,20.68,89.839,-0.12427605638425693,-0.32315202564294765,8.194718175720993,55.498,49.259,48.41,3.674,4.064,2.342,7083.902,2378.742,18735.783,98.436,12,2012,0,366
996,2013-03-31,AMPY.xlsx,27,13.06,86.142,-0.10835151724131244,-0.30969569949561987,2.4082055381931826,89.839,55.498,49.259,20.68,3.674,4.064,7374.717,2513.2,18594.266,468.871,3,2013,6,90
997,2013-06-30,AMPY.xlsx,27,9.947,102.516,0.003989837622455743,-0.0003823717385173915,11.927839559074183,86.142,89.839,55.498,13.06,20.68,3.674,7522.913,2618.387,19259.928,-35.322,6,2013,6,181
998,2013-09-30,AMPY.xlsx,27,24.692,146.874,0.0015398138843255122,-0.0193264859823488,1.7886530292216605,102.516,86.142,89.839,9.947,13.06,20.68,7761.289,2766.452,19322.771,-766.779,9,2013,0,273
999,2013-12-31,AMPY.xlsx,27,36.704,160.672992,-0.01207476127548393,0.0,1.1592101782902857,146.874,102.516,86.142,24.692,9.947,13.06,8078.372,2695.484,19102.562,-437.69,12,2013,1,365
1000,2014-03-31,AMPY.xlsx,27,42.784,152.524992,-0.023399396335738454,0.0,1.1193873364635092,160.672992,146.874,102.516,36.704,24.692,9.947,8527.393,2950.2,18834.401,930.656,3,2014,0,90
1001,2014-06-30,AMPY.xlsx,27,49.077,162.319008,-0.014499946960862055,0.0,1.2714584814108914,152.524992,160.672992,146.874,42.784,36.704,24.692,8847.519,3114.806,19247.071,140.575,6,2014,0,181
1002,2014-09-30,AMPY.xlsx,27,56.431,166.518,0.0020078287485686655,0.0,1.2068087077350627,162.319008,152.524992,160.672992,49.077,42.784,36.704,9266.317,3196.323,19700.626,-198.734,9,2014,1,273
1003,2014-12-31,AMPY.xlsx,27,50.728,155.3,0.0320509651898971,0.0,1.1363491179879357,166.518,162.319008,152.524992,56.431,49.077,42.784,9383.585,3054.774,19272.857,697.511,12,2014,2,365
1004,2015-03-31,AMPY.xlsx,27,39.902,142.434,0.04833709229513387,0.0,1.130550188141971,155.3,166.518,162.319008,50.728,56.431,49.077,9658.484,3375.333,19260.905,858.02,3,2015,1,90
1005,2015-06-30,AMPY.xlsx,27,40.936,136.236,0.04855893838051015,0.0,0.8224366104937052,142.434,155.3,166.518,39.902,50.728,56.431,9445.372,3355.065,20118.767,-56.295,6,2015,1,181
1006,2015-09-30,AMPY.xlsx,27,34.049,111.302,0.029349360863953386,0.0,1.0321851630841892,136.236,142.434,155.3,40.936,39.902,50.728,9400.599,3488.516,19469.679,264.394,9,2015,2,273
1007,2015-12-31,AMPY.xlsx,27,30.266,101.882,-0.04180732775954157,0.0,0.9267358747447243,111.302,136.236,142.434,34.049,40.936,39.902,9201.996,3344.774,19062.961,1020.325,12,2015,3,365
1008,2016-03-31,AMPY.xlsx,27,-4.764,51.961,-0.11282527529356359,0.0,2.922325743610184,101.882,111.302,136.236,30.266,34.049,40.936,8873.962,3570.4,19346.261,355.095,3,2016,3,91
1009,2016-06-30,AMPY.xlsx,27,18.16,62.559,-0.13120506895123965,0.0,1.1351160389151584,51.961,101.882,111.302,-4.764,30.266,34.049,8662.136,3603.839,19753.69,571.888,6,2016,3,182
1010,2016-09-30,AMPY.xlsx,27,22.731,64.193,-0.1600717249898499,0.0,0.7443552368332164,62.559,51.961,101.882,18.16,-4.764,30.266,8803.808,3544.323,19684.138,23.902,9,2016,4,274
1011,2016-12-31,AMPY.xlsx,27,15.816,63.039,-0.020940125473431822,0.0,0.8656121520258607,64.193,62.559,51.961,22.731,18.16,-4.764,8874.755,3395.032,19289.554,778.953,12,2016,5,366
1012,2017-03-31,AMPY.xlsx,27,14.597,60.15,0.04079964035941832,0.0,0.8720398142890544,63.039,64.193,62.559,15.816,22.731,18.16,9101.383,3682.233,19621.157,-95.43,3,2017,4,90
1013,2017-06-30,AMPY.xlsx,27,7.477,53.186,0.04994682959958687,0.0,1.263483529612562,60.15,63.039,64.193,14.597,15.816,22.731,9246.986,3822.097,20125.278,-374.882,6,2017,4,181
1014,2017-09-30,AMPY.xlsx,27,11.812,56.215,0.061988857099699514,0.0,1.3758060929508562,53.186,60.15,63.039,7.477,14.597,15.816,9668.587,4019.742,19970.876,-1161.213,9,2017,5,273
1015,2017-12-31,AMPY.xlsx,27,8.763,53.344,0.06018976315000058,0.08327182744409989,1.3283316740150761,56.215,53.186,60.15,11.812,7.477,14.597,10001.026,3852.968,20564.365,-405.156,12,2017,6,365
1016,2018-03-31,AMPY.xlsx,27,9.751,52.844,0.046390435970340635,0.060860024944439164,1.2721518987341773,53.344,56.215,53.186,8.763,11.812,7.477,10499.861,4285.767,20038.353,118.572,3,2018,5,90
1017,2018-06-30,AMPY.xlsx,27,11.426,53.672,0.045705701992183094,0.05851446100053786,1.2212468649229666,52.844,53.344,56.215,9.751,8.763,11.812,10897.23,4451.677,20671.374,185.729,6,2018,5,181
1018,2018-09-30,AMPY.xlsx,27,-16.952,85.522,0.008548279558794477,0.010713678630982526,-8.985543508479287,53.672,52.844,53.344,11.426,9.751,8.763,11508.62,4587.677,20785.793,-520.494,9,2018,6,273
1019,2018-12-31,AMPY.xlsx,27,17.31,75.702,0.09168868868095885,0.14961074684497072,0.33101103931071624,85.522,53.672,52.844,-16.952,11.426,9.751,11868.52,4554.065,20614.981,246.004,12,2018,0,365
1020,2019-03-31,AMPY.xlsx,27,4.692,65.155,-0.045613438098956516,-0.06258904199759532,0.6621263715474839,75.702,85.522,53.672,17.31,-16.952,11.426,12148.594,4790.233,20332.6,596.143,3,2019,6,90
1021,2019-06-30,AMPY.xlsx,27,4.076,59.532,-0.05587168719540456,-0.07525982408730227,1.3582317970451467,65.155,75.702,85.522,4.692,17.31,-16.952,11902.106,4707.323,20734.572,158.326,6,2019,6,181
1022,2019-09-30,AMPY.xlsx,27,-0.696,72.959,0.0004902179519771213,-0.0014097405138575035,0.0,59.532,65.155,75.702,4.076,4.692,17.31,12809.474,5022.258,20713.986,-531.711,9,2019,0,273
1023,2019-12-31,AMPY.xlsx,27,8.399,77.929,0.0002588221270748561,0.0005215541159811478,0.47156359488307664,72.959,59.532,65.155,-0.696,4.076,4.692,12852.266,5205.774,19933.39,581.083,12,2019,1,365
1024,2020-03-31,AMPY.xlsx,27,1.122,58.136,-0.18332682446809045,-0.37008591137787156,0.7626813766638686,77.929,72.959,59.532,8.399,-0.696,4.076,11913.743,4934.267,14548.505,2657.878,3,2020,1,91
1025,2020-06-30,AMPY.xlsx,27,-15.407,35.171,-0.22984188078293918,-0.49665097113703044,-1.814234326824255,58.136,77.929,72.959,1.122,8.399,-0.696,11005.949,5367.581,18381.073,-116.069,6,2020,1,182
1030,2012-03-31,NOG.xlsx,28,24.192072,59.887904,0.06710459894181255,0.09813919179387684,3.407036786171666,50.588984,41.94464,29.977866,23.492156,18.865622,12.874176,6320.018,2378.833,18162.625,73.839,3,2012,5,91
1031,2012-06-30,NOG.xlsx,28,25.394488,69.408288,0.06513757480233286,0.10404332132314516,2.723763365865035,59.887904,50.588984,41.94464,24.192072,23.492156,18.865622,6431.241,2326.581,18540.192,60.797,6,2012,5,182
1032,2012-09-30,NOG.xlsx,28,28.627768,82.40408,0.06489367385596118,0.10599661603707464,2.396585556579685,69.408288,59.887904,50.588984,25.394488,24.192072,23.492156,6969.575,2506.774,18707.948,-311.896,9,2012,6,274
1033,2012-12-31,NOG.xlsx,28,36.974976,84.725488,0.06880257858798015,0.12178388562566271,1.759051926566721,82.40408,69.408288,59.887904,28.627768,25.394488,24.192072,7083.902,2378.742,18735.783,98.436,12,2012,0,366
1034,2013-03-31,NOG.xlsx,28,35.574724,82.808736,0.06311113850679993,0.12166714872667035,1.23462995215992,84.725488,82.40408,69.408288,36.974976,28.627768,25.394488,7374.717,2513.2,18594.266,468.871,3,2013,6,90
1035,2013-06-30,NOG.xlsx,28,30.719384,79.152136,0.056285616112013805,0.1155610526681366,1.9281126027703759,82.808736,84.725488,82.40408,35.574724,36.974976,28.627768,7522.913,2618.387,19259.928,-35.322,6,2013,6,181
1036,2013-09-30,NOG.xlsx,28,41.466208,99.13736,0.057319806041486045,0.1271957350095089,1.127073356732044,79.152136,82.808736,84.725488,30.719384,35.574724,36.974976,7761.289,2766.452,19322.771,-766.779,9,2013,0,273
1037,2013-12-31,NOG.xlsx,28,31.495648,95.934656,0.04896968956496481,0.11006017696569688,1.2787427836739163,99.13736,79.152136,82.808736,41.466208,30.719384,35.574724,8078.372,2695.484,19102.562,-437.69,12,2013,1,365
1038,2014-03-31,NOG.xlsx,28,28.417748,89.984992,0.041726755636528105,0.09869719713665182,1.8476391725782628,95.934656,99.13736,79.152136,31.495648,41.466208,30.719384,8527.393,2950.2,18834.401,930.656,3,2014,0,90
1039,2014-06-30,NOG.xlsx,28,38.469768,109.909544,0.040458376349081754,0.10129231761721283,1.3599136482113565,89.984992,95.934656,99.13736,28.417748,31.495648,41.466208,8847.519,3114.806,19247.071,140.575,6,2014,0,181
1040,2014-09-30,NOG.xlsx,28,35.598668,112.176592,0.035723072897645196,0.0914572756389407,1.4531261388286116,109.909544,89.984992,95.934656,38.469768,28.417748,31.495648,9266.317,3196.323,19700.626,-198.734,9,2014,1,273
1041,2014-12-31,NOG.xlsx,28,31.962388,111.679896,0.032439552165029806,0.08272288527534258,1.6060204453966638,112.176592,109.909544,89.984992,35.598668,38.469768,28.417748,9383.585,3054.774,19272.857,697.511,12,2014,2,365
1042,2015-03-31,NOG.xlsx,28,21.277962,90.456008,0.03196048674736403,0.08953410971046916,1.6627432885653697,111.679896,112.176592,109.909544,31.962388,35.598668,38.469768,9658.484,3375.333,19260.905,858.02,3,2015,1,90
1043,2015-06-30,NOG.xlsx,28,32.617592,94.056424,0.029795998886677444,0.10136904720783418,1.1211942897839495,90.456008,111.679896,112.176592,21.277962,31.962388,35.598668,9445.372,3355.065,20118.767,-56.295,6,2015,1,181
1044,2015-09-30,NOG.xlsx,28,47.77914,101.156552,0.031146878657788504,0.0,0.5671289336376403,94.056424,90.456008,111.679896,32.617592,21.277962,31.962388,9400.599,3488.516,19469.679,264.394,9,2015,2,273
1045,2015-12-31,NOG.xlsx,28,10.944835,56.913028,0.05181611287698087,0.0,1.5892885583727259,101.156552,94.056424,90.456008,47.77914,32.617592,21.277962,9201.996,3344.774,19062.961,1020.325,12,2015,3,365
1046,2016-03-31,NOG.xlsx,28,17.99911,53.819252,0.03891344271600894,0.0,0.5598467856226218,56.913028,101.156552,94.056424,10.944835,47.77914,32.617592,8873.962,3570.4,19346.261,355.095,3,2016,3,91
1047,2016-06-30,NOG.xlsx,28,26.4551,62.520924,0.04237015579591109,0.0,0.43099093440780717,53.819252,56.913028,101.156552,17.99911,10.944835,47.77914,8662.136,3603.839,19753.69,571.888,6,2016,3,182
1048,2016-09-30,NOG.xlsx,28,19.99274,50.754992,0.06570010589226577,0.0,0.8473499558929511,62.520924,53.819252,56.913028,26.4551,17.99911,10.944835,8803.808,3544.323,19684.138,23.902,9,2016,4,274
1049,2016-12-31,NOG.xlsx,28,20.697472,54.155264,0.020992627000411105,0.0,0.7644772485393326,50.754992,62.520924,53.819252,19.99274,26.4551,17.99911,8874.755,3395.032,19289.554,778.953,12,2016,5,366
1050,2017-03-31,NOG.xlsx,28,16.187606,48.760304,0.05942193371384462,0.0,0.6986366162264713,54.155264,50.754992,62.520924,20.697472,19.99274,26.4551,9101.383,3682.233,19621.157,-95.43,3,2017,4,90
1051,2017-06-30,NOG.xlsx,28,16.152975,50.72988,0.049854545354119005,0.0,0.7533563788660917,48.760304,54.155264,50.754992,16.187606,20.697472,19.99274,9246.986,3822.097,20125.278,-374.882,6,2017,4,181
1052,2017-09-30,NOG.xlsx,28,20.232782,57.657028,0.009493507482944101,0.0,0.9235435173260436,50.72988,48.760304,54.155264,16.152975,16.187606,20.697472,9668.587,4019.742,19970.876,-1161.213,9,2017,5,273
1053,2017-12-31,NOG.xlsx,28,-3.65951,37.00228,0.0160525194630755,0.0,3.1343068979374644,57.657028,50.72988,48.760304,20.232782,16.152975,16.187606,10001.026,3852.968,20564.365,-405.156,12,2017,6,365
1054,2018-03-31,NOG.xlsx,28,38.046536,78.754776,0.0520516996849823,0.0,1.023719322038109,37.00228,57.657028,50.72988,-3.65951,20.232782,16.152975,10499.861,4285.767,20038.353,118.572,3,2018,5,90
1055,2018-06-30,NOG.xlsx,28,46.2538,96.781832,0.06027137357979735,0.0,1.4775004798850322,78.754776,37.00228,57.657028,38.046536,-3.65951,20.232782,10897.23,4451.677,20671.374,185.729,6,2018,5,181
1056,2018-09-30,NOG.xlsx,28,35.59656,102.269216,0.1105659274110433,0.0,1.9802823940384588,96.781832,78.754776,37.00228,46.2538,38.046536,-3.65951,11508.62,4587.677,20785.793,-520.494,9,2018,6,273
1057,2018-12-31,NOG.xlsx,28,354.808832,443.195904,0.13052623132263752,0.0,0.40790568034768304,102.269216,96.781832,78.754776,35.59656,46.2538,38.046536,11868.52,4554.065,20614.981,246.004,12,2018,0,365
1058,2019-03-31,NOG.xlsx,28,-95.305,-6.934,0.15354307627593794,0.0,-1.391062566024197,443.195904,102.269216,96.781832,354.808832,35.59656,46.2538,12148.594,4790.233,20332.6,596.143,3,2019,6,90
1059,2019-06-30,NOG.xlsx,28,95.446,186.44,0.1613234125185232,0.0,0.6383490190324237,-6.934,443.195904,102.269216,-95.305,354.808832,35.59656,11902.106,4707.323,20734.572,158.326,6,2019,6,181
1060,2019-09-30,NOG.xlsx,28,126.375,233.883008,0.1215261094795777,0.687288283027665,1.416981435387579,186.44,-6.934,443.195904,95.446,-95.305,354.808832,12809.474,5022.258,20713.986,-531.711,9,2019,0,273
1061,2019-12-31,NOG.xlsx,28,-64.098,59.012,0.058194092936633524,0.23659892042910202,0.0,233.883008,186.44,-6.934,126.375,95.446,-95.305,12852.266,5205.774,19933.39,581.083,12,2019,1,365
1062,2020-03-31,NOG.xlsx,28,390.875008,506.784992,0.0524366990696658,0.1744181466321112,0.1744307287202552,59.012,233.883008,186.44,-64.098,126.375,95.446,11913.743,4934.267,14548.505,2657.878,3,2020,1,91
1063,2020-06-30,NOG.xlsx,28,28.085,98.106,0.04384768267635217,0.0,1.7084560694622233,506.784992,59.012,233.883008,390.875008,-64.098,126.375,11005.949,5367.581,18381.073,-116.069,6,2020,1,182
1068,2012-03-31,MRO.xlsx,29,1412.0,3796.0,0.04432485967520965,0.08792294698389429,0.5120845921450151,3667.000064,3663.000064,3700.0,1124.0,1196.999936,1070.0,6320.018,2378.833,18162.625,73.839,3,2012,5,91
1069,2012-06-30,MRO.xlsx,29,1444.0,3752.0,0.06970513320405755,0.12679171606818862,0.575098814229249,3796.0,3667.000064,3663.000064,1412.0,1124.0,1196.999936,6431.241,2326.581,18540.192,60.797,6,2012,5,182
1070,2012-09-30,MRO.xlsx,29,1680.0,4051.000064,0.06771685958797384,0.12660252729495253,0.5869848041505541,3752.0,3796.0,3667.000064,1444.0,1412.0,1124.0,6969.575,2506.774,18707.948,-311.896,9,2012,6,274
1071,2012-12-31,MRO.xlsx,29,1674.0,4124.999936,0.029411941544354236,0.055343588052094515,0.43457696909462634,4051.000064,3752.0,3796.0,1680.0,1444.0,1412.0,7083.902,2378.742,18735.783,98.436,12,2012,0,366
1072,2013-03-31,MRO.xlsx,29,1250.0,3792.999936,0.05881720520054985,0.10913625385915371,0.6705583431472081,4124.999936,4051.000064,3752.0,1674.0,1680.0,1444.0,7374.717,2513.2,18594.266,468.871,3,2013,6,90
1073,2013-06-30,MRO.xlsx,29,901.0,3020.0,0.04312312391693187,0.07884855679880791,0.7538247566063978,3792.999936,4124.999936,4051.000064,1250.0,1674.0,1680.0,7522.913,2618.387,19259.928,-35.322,6,2013,6,181
1074,2013-09-30,MRO.xlsx,29,729.0,3019.000064,0.04151334990440784,0.07879000404081814,0.7056277056277056,3020.0,3792.999936,4124.999936,901.0,1250.0,1674.0,7761.289,2766.452,19322.771,-766.779,9,2013,0,273
1075,2013-12-31,MRO.xlsx,29,251.0,2460.999936,0.02884696720959293,0.054375846668608424,1.6150489656986062,3019.000064,3020.0,3792.999936,729.0,901.0,1250.0,8078.372,2695.484,19102.562,-437.69,12,2013,1,365
1076,2014-03-31,MRO.xlsx,29,612.0,2710.000128,0.03595004197020473,0.06672570531790809,0.7999999592031893,2460.999936,3019.000064,3020.0,251.0,729.0,901.0,8527.393,2950.2,18834.401,930.656,3,2014,0,90
1077,2014-06-30,MRO.xlsx,29,558.0,2908.0,0.04000957972246012,0.07302836193482203,0.9903069466882067,2710.000128,2460.999936,3019.000064,612.0,251.0,729.0,8847.519,3114.806,19247.071,140.575,6,2014,0,181
1078,2014-09-30,MRO.xlsx,29,531.0,2884.999936,0.03725095279076875,0.0688373281777902,1.111198687697161,2908.0,2710.000128,2460.999936,558.0,612.0,251.0,9266.317,3196.323,19700.626,-198.734,9,2014,1,273
1079,2014-12-31,MRO.xlsx,29,-47.0,2420.999936,0.03241484237839265,0.057501732268346956,2.017241294429708,2884.999936,2908.0,2710.000128,531.0,558.0,612.0,9383.585,3054.774,19272.857,697.511,12,2014,2,365
1080,2015-03-31,MRO.xlsx,29,-341.0,1495.000064,-0.010279741141382578,-0.01800815601513708,3.025,2420.999936,2884.999936,2908.0,-47.0,531.0,558.0,9658.484,3375.333,19260.905,858.02,3,2015,1,90
1081,2015-06-30,MRO.xlsx,29,-212.0,1504.999936,-0.026172513594259098,-0.046816844434651596,1.6103896103896105,1495.000064,2420.999936,2884.999936,-341.0,-47.0,531.0,9445.372,3355.065,20118.767,-56.295,6,2015,1,181
1082,2015-09-30,MRO.xlsx,29,-75.0,1396.0,-0.04091966344554436,-0.07382523365751156,0.9781931464174455,1504.999936,1495.000064,2420.999936,-212.0,-341.0,-47.0,9400.599,3488.516,19469.679,264.394,9,2015,2,273
1083,2015-12-31,MRO.xlsx,29,-99.0,1200.0,-0.010952646139065303,-0.018901776372043034,1.6126126126126126,1396.0,1504.999936,1495.000064,-75.0,-212.0,-341.0,9201.996,3344.774,19062.961,1020.325,12,2015,3,365
1084,2016-03-31,MRO.xlsx,29,-409.0,616.0,-0.026825335947549586,-0.04532503547248433,3.15,1200.0,1396.0,1504.999936,-99.0,-75.0,-212.0,8873.962,3570.4,19346.261,355.095,3,2016,3,91
1085,2016-06-30,MRO.xlsx,29,-264.0,772.0,-0.026696420590153386,-0.04631036652872668,1.157258064516129,616.0,1200.0,1396.0,-409.0,-99.0,-75.0,8662.136,3603.839,19753.69,571.888,6,2016,3,182
1086,2016-09-30,MRO.xlsx,29,-223.0,884.0,-0.0283587934808268,-0.04965327814577114,0.7391304347826086,772.0,616.0,1200.0,-264.0,-409.0,-99.0,8803.808,3544.323,19684.138,23.902,9,2016,4,274
1087,2016-12-31,MRO.xlsx,29,-118.0,951.0,-0.019793817058637177,-0.03477106880235192,0.5604395604395604,884.0,772.0,616.0,-223.0,-264.0,-409.0,8874.755,3395.032,19289.554,778.953,12,2016,5,366
1088,2017-03-31,MRO.xlsx,29,21.0,921.0,-0.01863525793856428,-0.03349794760310575,0.4904679376083189,951.0,884.0,772.0,-118.0,-223.0,-264.0,9101.383,3682.233,19621.157,-95.43,3,2017,4,90
1089,2017-06-30,MRO.xlsx,29,-82.0,946.0,-0.019853995208568207,-0.035714291581034535,0.9647058823529412,921.0,951.0,884.0,21.0,-118.0,-223.0,9246.986,3822.097,20125.278,-374.882,6,2017,4,181
1090,2017-09-30,MRO.xlsx,29,-250.0,1192.0,-0.024896479823250894,-0.04481561096569019,1.3554987212276215,946.0,921.0,951.0,-82.0,21.0,-118.0,9668.587,4019.742,19970.876,-1161.213,9,2017,5,273
1091,2017-12-31,MRO.xlsx,29,84.0,1428.0,-0.021599548125724823,-0.03921725879551111,1.0029985007496252,1192.0,946.0,921.0,-250.0,-82.0,21.0,10001.026,3852.968,20564.365,-405.156,12,2017,6,365
1092,2018-03-31,MRO.xlsx,29,290.0,1540.999936,-0.014310566634762266,-0.02683943377059682,0.7522727272727273,1428.0,1192.0,946.0,84.0,-250.0,-82.0,10499.861,4285.767,20038.353,118.572,3,2018,5,90
1093,2018-06-30,MRO.xlsx,29,123.0,1459.000064,0.0006323043025676614,0.0011882795808798913,0.8680272108843538,1540.999936,1428.0,1192.0,290.0,84.0,-250.0,10897.23,4451.677,20671.374,185.729,6,2018,5,181
1094,2018-09-30,MRO.xlsx,29,248.0,1656.999936,0.021242928919426668,0.03988790493549174,0.879862700228833,1459.000064,1540.999936,1428.0,123.0,290.0,84.0,11508.62,4587.677,20785.793,-520.494,9,2018,6,273
1095,2018-12-31,MRO.xlsx,29,483.0,1395.000064,0.0277148305055908,0.05038457673693356,0.6240875912408759,1656.999936,1459.000064,1540.999936,248.0,123.0,290.0,11868.52,4554.065,20614.981,246.004,12,2018,0,365
1096,2019-03-31,MRO.xlsx,29,36.0,1235.000064,0.029884303188535657,0.05306245331276323,1.0065466448445173,1395.000064,1656.999936,1459.000064,483.0,248.0,123.0,12148.594,4790.233,20332.6,596.143,3,2019,6,90
1097,2019-06-30,MRO.xlsx,29,263.0,1394.0,0.033004425769101044,0.058772749302731964,0.7294250281848929,1235.000064,1395.000064,1656.999936,36.0,483.0,248.0,11902.106,4707.323,20734.572,158.326,6,2019,6,181
1098,2019-09-30,MRO.xlsx,29,195.0,1255.000064,0.03184360983041942,0.055202139033469495,0.8842482100238663,1394.0,1235.000064,1395.000064,263.0,36.0,483.0,12809.474,5022.258,20713.986,-531.711,9,2019,0,273
1099,2019-12-31,MRO.xlsx,29,69.0,1240.999936,0.029513061973751448,0.05052262967890319,0.8700564971751412,1255.000064,1394.0,1235.000064,195.0,263.0,36.0,12852.266,5205.774,19933.39,581.083,12,2019,1,365
1100,2020-03-31,MRO.xlsx,29,119.0,1031.0,0.01279173214456544,0.021768600397815904,0.8125819134993447,1240.999936,1255.000064,1394.0,69.0,195.0,263.0,11913.743,4934.267,14548.505,2657.878,3,2020,1,91
1101,2020-06-30,MRO.xlsx,29,-387.0,496.0,-0.025156465051815444,-0.04306839710540942,1.5523809523809524,1031.0,1240.999936,1255.000064,119.0,69.0,195.0,11005.949,5367.581,18381.073,-116.069,6,2020,1,182
1106,2012-03-31,DEN.xlsx,30,282.911008,639.105984,0.06360436667063209,0.1329056899007475,0.9878926419957051,619.401024,576.633984,585.500032,300.492,270.912,281.540608,6320.018,2378.833,18162.625,73.839,3,2012,5,91
1107,2012-06-30,DEN.xlsx,30,261.006,604.723968,0.05933188796244701,0.12273051313310682,1.773716853278748,639.105984,619.401024,576.633984,282.911008,300.492,270.912,6431.241,2326.581,18540.192,60.797,6,2012,5,182
1108,2012-09-30,DEN.xlsx,30,240.051008,601.585024,0.05532630710504897,0.11437315243576755,0.6483317958049072,604.723968,639.105984,619.401024,261.006,282.911008,300.492,6969.575,2506.774,18707.948,-311.896,9,2012,6,274
1109,2012-12-31,DEN.xlsx,30,258.77,608.785024,0.05140292871813094,0.11047891277448081,1.1100750550404197,601.585024,604.723968,639.105984,240.051008,261.006,282.911008,7083.902,2378.742,18735.783,98.436,12,2012,0,366
1110,2013-03-31,DEN.xlsx,30,233.352992,580.211008,0.04784510831845081,0.10286239549383258,0.9222067246660549,608.785024,601.585024,604.723968,258.77,240.051008,261.006,7374.717,2513.2,18594.266,468.871,3,2013,6,90
1111,2013-06-30,DEN.xlsx,30,202.212,644.750016,0.04375762447727647,0.0942147417413434,1.008331284226525,580.211008,608.785024,601.585024,233.352992,258.77,240.051008,7522.913,2618.387,19259.928,-35.322,6,2013,6,181
1112,2013-09-30,DEN.xlsx,30,263.831008,672.88,0.045317168793411806,0.09811299528938489,0.7096521633235443,644.750016,580.211008,608.785024,202.212,233.352992,258.77,7761.289,2766.452,19322.771,-766.779,9,2013,0,273
1113,2013-12-31,DEN.xlsx,30,166.004992,595.681024,0.04096334831306316,0.09016746130877644,1.0495897574610042,672.88,644.750016,580.211008,263.831008,202.212,233.352992,8078.372,2695.484,19102.562,-437.69,12,2013,1,365
1114,2014-03-31,DEN.xlsx,30,184.3,607.438016,0.03716202682607308,0.0837001191988781,0.732532305809185,595.681024,672.88,644.750016,166.004992,263.831008,202.212,8527.393,2950.2,18834.401,930.656,3,2014,0,90
1115,2014-06-30,DEN.xlsx,30,193.724,618.678976,0.0358190628281376,0.08128806110667347,0.8225705728191689,607.438016,595.681024,672.88,184.3,166.004992,263.831008,8847.519,3114.806,19247.071,140.575,6,2014,0,181
1116,2014-09-30,DEN.xlsx,30,199.616992,608.468992,0.030888528127912374,0.06905968864225176,0.784116259234236,618.678976,607.438016,595.681024,193.724,184.3,166.004992,9266.317,3196.323,19700.626,-198.734,9,2014,1,273
1117,2014-12-31,DEN.xlsx,30,182.72,583.950976,0.030239429925705243,0.06736469687053559,0.8475891290514126,608.468992,618.678976,607.438016,199.616992,193.724,184.3,9383.585,3054.774,19272.857,697.511,12,2014,2,365
1118,2015-03-31,DEN.xlsx,30,76.274,452.907008,0.02502823114707751,0.056757553151470914,0.8376445418862054,583.950976,608.468992,618.678976,182.72,199.616992,193.724,9658.484,3375.333,19260.905,858.02,3,2015,1,90
1119,2015-06-30,DEN.xlsx,30,131.422,498.193984,0.023007328292414416,0.05454790210547768,0.5149555638894661,452.907008,583.950976,608.468992,76.274,182.72,199.616992,9445.372,3355.065,20118.767,-56.295,6,2015,1,181
1120,2015-09-30,DEN.xlsx,30,150.912,460.208992,0.02675026961460003,0.06966270017918903,0.3569099152073728,498.193984,452.907008,583.950976,131.422,76.274,182.72,9400.599,3488.516,19469.679,264.394,9,2015,2,273
1121,2015-12-31,DEN.xlsx,30,43.886,344.040992,0.02160429601335968,0.057837106774409945,0.7841873503923401,460.208992,498.193984,452.907008,150.912,131.422,76.274,9201.996,3344.774,19062.961,1020.325,12,2015,3,365
1122,2016-03-31,DEN.xlsx,30,27.995,266.302,0.013114363133224415,0.03543190872809109,0.6325110809502567,344.040992,460.208992,498.193984,43.886,150.912,131.422,8873.962,3570.4,19346.261,355.095,3,2016,3,91
1123,2016-06-30,DEN.xlsx,30,112.887,305.316,0.012183373049892513,0.03583110724768243,0.33753929152640616,266.302,344.040992,460.208992,27.995,43.886,150.912,8662.136,3603.839,19753.69,571.888,6,2016,3,182
1124,2016-09-30,DEN.xlsx,30,16.997,238.888,-0.0043435027693305255,-0.017719387661750543,0.6941493424433057,305.316,266.302,344.040992,112.887,27.995,43.886,8803.808,3544.323,19684.138,23.902,9,2016,4,274
1125,2016-12-31,DEN.xlsx,30,7.818,234.242,0.0025469707698188575,0.015068188423668818,1.128541702520456,238.888,305.316,266.302,16.997,112.887,27.995,8874.755,3395.032,19289.554,778.953,12,2016,5,366
1126,2017-03-31,DEN.xlsx,30,14.252,244.626,0.010982161613368843,0.06866100102320903,1.0484819777835501,234.242,238.888,305.316,7.818,16.997,112.887,9101.383,3682.233,19621.157,-95.43,3,2017,4,90
1127,2017-06-30,DEN.xlsx,30,22.84936,245.668,0.010258071990020275,0.07001287397005224,2.041935445510731,244.626,234.242,238.888,14.252,7.818,16.997,9246.986,3822.097,20125.278,-374.882,6,2017,4,181
1128,2017-09-30,DEN.xlsx,30,41.979,265.708992,0.014603216004451657,0.09905738889108312,0.7531781462585033,245.668,244.626,234.242,22.84936,14.252,7.818,9668.587,4019.742,19970.876,-1161.213,9,2017,5,273
1129,2017-12-31,DEN.xlsx,30,99.592,312.049984,0.012680260664704304,0.09931821813580684,0.43090603274464545,265.708992,245.668,244.626,41.979,22.84936,14.252,10001.026,3852.968,20564.365,-405.156,12,2017,6,365
1130,2018-03-31,DEN.xlsx,30,85.047,314.216,0.026283627166038485,0.19525385950711913,0.4132787385998342,312.049984,265.708992,245.668,99.592,41.979,22.84936,10499.861,4285.767,20038.353,118.572,3,2018,5,90
1131,2018-06-30,DEN.xlsx,30,95.466912,327.510016,0.03921887168432884,0.25101690199958304,0.5762042618537375,314.216,312.049984,265.708992,85.047,99.592,41.979,10897.23,4451.677,20671.374,185.729,6,2018,5,181
1132,2018-09-30,DEN.xlsx,30,87.074,326.431008,0.047719212400110796,0.29279846887324745,0.6308114748175447,327.510016,314.216,312.049984,95.466912,85.047,99.592,11508.62,4587.677,20785.793,-520.494,9,2018,6,273
1133,2018-12-31,DEN.xlsx,30,79.244,310.847008,0.04413085185367297,0.22669008403938237,0.8374105999338044,326.431008,327.510016,314.216,87.074,95.466912,85.047,11868.52,4554.065,20614.981,246.004,12,2018,0,365
1134,2019-03-31,DEN.xlsx,30,75.906,311.568,0.04087987172112711,0.20734196576561842,0.6538070167676858,310.847008,326.431008,327.510016,79.244,87.074,95.466912,12148.594,4790.233,20332.6,596.143,3,2019,6,90
1135,2019-06-30,DEN.xlsx,30,107.248,339.448992,0.03805003470099925,0.16351084095352214,0.4179092922988971,311.568,310.847008,326.431008,75.906,79.244,87.074,11902.106,4707.323,20734.572,158.326,6,2019,6,181
1136,2019-09-30,DEN.xlsx,30,80.874,315.692992,0.03416243268976803,0.1390242474324106,0.5252434217097348,339.448992,311.568,310.847008,107.248,75.906,79.244,12809.474,5022.258,20713.986,-531.711,9,2019,0,273
1137,2019-12-31,DEN.xlsx,30,88.551,317.256,0.0384887325175272,0.14188322033842243,0.40064632902323216,315.692992,339.448992,311.568,80.874,107.248,75.906,12852.266,5205.774,19933.39,581.083,12,2019,1,365
1138,2020-03-31,DEN.xlsx,30,17.83,266.011008,0.022353506301205833,0.07967317099648079,0.4560910961531755,317.256,315.692992,339.448992,88.551,80.874,107.248,11913.743,4934.267,14548.505,2657.878,3,2020,1,91
1139,2020-06-30,DEN.xlsx,30,-18.362,163.01,0.0031412335927203613,0.01330621546047143,1.0404026773183634,266.011008,317.256,315.692992,17.83,88.551,80.874,11005.949,5367.581,18381.073,-116.069,6,2020,1,182
1158,2015-09-30,BSM.xlsx,31,79.557,137.02,0.0,0.0,0.605114492683164,64.803,91.061,133.602,-2.879,33.653,64.8,9400.599,3488.516,19469.679,264.394,9,2015,2,273
1159,2015-12-31,BSM.xlsx,31,26.573,83.895,0.0369745544969483,0.048773962187834974,0.25389299787175756,137.02,64.803,91.061,79.557,-2.879,33.653,9201.996,3344.774,19062.961,1020.325,12,2015,3,365
1160,2016-03-31,BSM.xlsx,31,12.981,74.336,0.026630227942976974,0.029689797640160488,1.0119013313353697,83.895,137.02,64.803,26.573,79.557,-2.879,8873.962,3570.4,19346.261,355.095,3,2016,3,91
1161,2016-06-30,BSM.xlsx,31,25.179,84.639,0.05534415080361453,0.06566461969263637,2.536547691289237,74.336,83.895,137.02,12.981,26.573,79.557,8662.136,3603.839,19753.69,571.888,6,2016,3,182
1162,2016-09-30,BSM.xlsx,31,36.805,96.66,0.04927218828023977,0.0601309276011757,0.471221923828125,84.639,74.336,83.895,25.179,12.981,26.573,8803.808,3544.323,19684.138,23.902,9,2016,4,274
1163,2016-12-31,BSM.xlsx,31,25.738,86.45,0.0619128851299979,0.08266610081823139,0.36653558707870953,96.66,84.639,74.336,36.805,25.179,12.981,8874.755,3395.032,19289.554,778.953,12,2016,5,366
1164,2017-03-31,BSM.xlsx,31,45.644,106.135,0.09364841042195941,0.13370796776749996,0.9174708079363536,86.45,96.66,84.639,25.738,36.805,25.179,9101.383,3682.233,19621.157,-95.43,3,2017,4,90
1165,2017-06-30,BSM.xlsx,31,38.912,101.603,0.11679634271361838,0.18011960205033617,0.5075945260425884,106.135,86.45,96.66,45.644,25.738,36.805,9246.986,3822.097,20125.278,-374.882,6,2017,4,181
1166,2017-09-30,BSM.xlsx,31,40.536,103.431,0.11266612212692392,0.17301955212051603,0.4205334098078578,101.603,106.135,86.45,38.912,45.644,25.738,9668.587,4019.742,19970.876,-1161.213,9,2017,5,273
1167,2017-12-31,BSM.xlsx,31,34.37,106.799,0.11014225276915279,0.2002125352630497,5.505875661663121,103.431,101.603,106.135,40.536,38.912,45.644,10001.026,3852.968,20564.365,-405.156,12,2017,6,365
1168,2018-03-31,BSM.xlsx,31,59.916,126.452,0.10676241612878559,0.19241919332707252,0.8920394186650996,106.799,103.431,101.603,34.37,40.536,38.912,10499.861,4285.767,20038.353,118.572,3,2018,5,90
1169,2018-06-30,BSM.xlsx,31,33.524,109.309,0.10933145013905705,0.18923561266260308,0.8558198570891312,126.452,106.799,103.431,59.916,34.37,40.536,10897.23,4451.677,20671.374,185.729,6,2018,5,181
1170,2018-09-30,BSM.xlsx,31,66.18,139.718,0.13060004326992197,0.22078550927983848,1.018008863000639,109.309,126.452,106.799,33.524,59.916,34.37,11508.62,4587.677,20785.793,-520.494,9,2018,6,273
1171,2018-12-31,BSM.xlsx,31,170.716,246.047008,0.15247603906703588,0.27829390294783046,0.3245807224923745,139.718,109.309,126.452,66.18,33.524,59.916,11868.52,4554.065,20614.981,246.004,12,2018,0,365
1172,2019-03-31,BSM.xlsx,31,14.594,83.806,0.14648667071684995,0.27671180961765535,1.2692153581445778,246.047008,139.718,109.309,170.716,66.18,33.524,12148.594,4790.233,20332.6,596.143,3,2019,6,90
1173,2019-06-30,BSM.xlsx,31,100.666,163.618,0.15877372418018046,0.3072488706784938,0.3065472310205459,83.806,246.047008,139.718,14.594,170.716,66.18,11902.106,4707.323,20734.572,158.326,6,2019,6,181
1174,2019-09-30,BSM.xlsx,31,75.233,137.368992,0.1573664954279955,0.29306608307141946,0.1572976765944176,163.618,83.806,246.047008,100.666,14.594,170.716,12809.474,5022.258,20713.986,-531.711,9,2019,0,273
1175,2019-12-31,BSM.xlsx,31,44.679,103.028,0.14583866936608747,0.2575822556103732,0.01934227607096495,137.368992,163.618,83.806,75.233,100.666,14.594,12852.266,5205.774,19933.39,581.083,12,2019,1,365
1176,2020-03-31,BSM.xlsx,31,136.355008,183.054,0.15678701799172526,0.28373905836467395,0.02242740041131025,103.028,137.368992,163.618,44.679,75.233,100.666,11913.743,4934.267,14548.505,2657.878,3,2020,1,91
1177,2020-06-30,BSM.xlsx,31,-5.314,38.529,0.1358465283130118,0.23914610517515245,0.1000072051300526,183.054,103.028,137.368992,136.355008,44.679,75.233,11005.949,5367.581,18381.073,-116.069,6,2020,1,182
1201,2016-12-31,LONE.xlsx,32,2.845,18.331,0.0,0.0,1.3805108467459761,21.802,24.218,21.312456,3.421,13.892,6.060413,8874.755,3395.032,19289.554,778.953,12,2016,5,366
1202,2017-03-31,LONE.xlsx,32,-0.782,18.023,-0.10925248601536146,-0.31920449415068625,1.8211640211640212,18.331,21.802,24.218,2.845,3.421,13.892,9101.383,3682.233,19621.157,-95.43,3,2017,4,90
1203,2017-06-30,LONE.xlsx,32,-0.922,19.781,-0.11938463486191976,-0.40718733513672795,7.682598567854371,18.023,18.331,21.802,-0.782,2.845,3.421,9246.986,3822.097,20125.278,-374.882,6,2017,4,181
1204,2017-09-30,LONE.xlsx,32,3.372,28.663,-0.10845533555084455,-0.39412237456369015,1.5113053964425684,19.781,18.023,18.331,-0.922,-0.782,2.845,9668.587,4019.742,19970.876,-1161.213,9,2017,5,273
1205,2017-12-31,LONE.xlsx,32,6.576,30.709,-0.0019191131844771981,-0.025838983639307256,1.6632386636116587,28.663,19.781,18.023,3.372,-0.922,-0.782,10001.026,3852.968,20564.365,-405.156,12,2017,6,365
1206,2018-03-31,LONE.xlsx,32,7.546,33.13,-0.007573099976618999,-0.05427953996243371,1.494667475938611,30.709,28.663,19.781,6.576,3.372,-0.922,10499.861,4285.767,20038.353,118.572,3,2018,5,90
1207,2018-06-30,LONE.xlsx,32,6.19,41.25,-0.00727479616586144,-0.07016714370499443,1.3657200357781754,33.13,30.709,28.663,7.546,6.576,3.372,10897.23,4451.677,20671.374,185.729,6,2018,5,181
1208,2018-09-30,LONE.xlsx,32,12.109,50.45,-0.007104955547686019,-0.08158293843852256,1.615316018281128,41.25,33.13,30.709,6.19,7.546,6.576,11508.62,4587.677,20785.793,-520.494,9,2018,6,273
1209,2018-12-31,LONE.xlsx,32,18.395,55.709,0.0019264615311730153,-0.02975503148029313,2.149976213130352,50.45,41.25,33.13,12.109,6.19,7.546,11868.52,4554.065,20614.981,246.004,12,2018,0,365
1210,2019-03-31,LONE.xlsx,32,7.662,40.012,0.005956541864800356,-0.02235375260439239,1.3464172504206942,55.709,50.45,41.25,18.395,12.109,6.19,12148.594,4790.233,20332.6,596.143,3,2019,6,90
1211,2019-06-30,LONE.xlsx,32,10.866,47.969,0.014404132952576695,-0.013066586990880103,1.22158689169664,40.012,55.709,50.45,7.662,18.395,12.109,11902.106,4707.323,20734.572,158.326,6,2019,6,181
1212,2019-09-30,LONE.xlsx,32,10.762,52.593,0.01610200685478413,-0.005666658116266617,1.5377284006316265,47.969,40.012,55.709,10.866,7.662,18.395,12809.474,5022.258,20713.986,-531.711,9,2019,0,273
1213,2019-12-31,LONE.xlsx,32,7.118,48.689,-0.02184854697394661,-0.1429495723509895,0.9381075621764928,52.593,47.969,40.012,10.762,10.866,7.662,12852.266,5205.774,19933.39,581.083,12,2019,1,365
1214,2020-03-31,LONE.xlsx,32,-0.981,37.009,-0.06750522566633277,-0.6559101122321276,1.5499205565336884,48.689,52.593,47.969,7.118,10.762,10.866,11913.743,4934.267,14548.505,2657.878,3,2020,1,91
1215,2020-06-30,LONE.xlsx,32,10.884,17.22,-0.07739177659186046,0.0,1.4188055908513342,37.009,48.689,52.593,-0.981,7.118,10.762,11005.949,5367.581,18381.073,-116.069,6,2020,1,182
1239,2016-12-31,XOG.xlsx,33,-209.496992,98.44,0.0,0.0,-4.369199565534214,68.115,62.706,14.63,-26.287,-20.146,-58.0,8874.755,3395.032,19289.554,778.953,12,2016,5,366
1240,2017-03-31,XOG.xlsx,33,-17.249,98.68,0.0,0.0,10.228326188480422,98.44,68.115,62.706,-209.496992,-26.287,-20.146,9101.383,3682.233,19621.157,-95.43,3,2017,4,90
1241,2017-06-30,XOG.xlsx,33,-13.588,119.623,-0.13334217498066506,-0.30299944651620075,4.606393660717531,98.68,98.44,68.115,-17.249,-209.496992,-26.287,9246.986,3822.097,20125.278,-374.882,6,2017,4,181
1242,2017-09-30,XOG.xlsx,33,8.324,184.023008,-0.10309004827891867,-0.2656287457629915,4.288188484943049,119.623,98.68,98.44,-13.588,-17.249,-209.496992,9668.587,4019.742,19970.876,-1161.213,9,2017,5,273
1243,2017-12-31,XOG.xlsx,33,2.765,202.020992,-0.010097715657289973,-0.029341183997349442,3.5283319492525,184.023008,119.623,98.68,8.324,-13.588,-17.249,10001.026,3852.968,20564.365,-405.156,12,2017,6,365
1244,2018-03-31,XOG.xlsx,33,70.46,253.468,0.006291206677839592,0.0020790922815853174,1.5913287409587382,202.020992,184.023008,119.623,2.765,8.324,-13.588,10499.861,4285.767,20038.353,118.572,3,2018,5,90
1245,2018-06-30,XOG.xlsx,33,96.7,295.848,0.02873870606489883,0.04840589387126938,1.2613110274531392,253.468,202.020992,184.023008,70.46,2.765,8.324,10897.23,4451.677,20671.374,185.729,6,2018,5,181
1246,2018-09-30,XOG.xlsx,33,115.777,323.168992,0.04138522129581402,0.07957928428576358,1.1872455847811663,295.848,253.468,202.020992,96.7,70.46,2.765,11508.62,4587.677,20785.793,-520.494,9,2018,6,273
1247,2018-12-31,XOG.xlsx,33,90.164,311.775008,0.04419172415738501,0.08917295667296107,1.0559396389054263,323.168992,295.848,253.468,115.777,96.7,70.46,11868.52,4554.065,20614.981,246.004,12,2018,0,365
1248,2019-03-31,XOG.xlsx,33,29.279,232.246,0.046189018772547476,0.10006331726170667,2.3586377453758565,311.775008,323.168992,295.848,90.164,115.777,96.7,12148.594,4790.233,20332.6,596.143,3,2019,6,90
1249,2019-06-30,XOG.xlsx,33,19.823,236.26,0.02754083345362144,0.05905961971659183,3.5045939491431044,232.246,311.775008,323.168992,29.279,90.164,115.777,11902.106,4707.323,20734.572,158.326,6,2019,6,181
1250,2019-09-30,XOG.xlsx,33,-18.356,176.942,0.002125004527519943,-0.00501211230533875,0.9716379440096328,236.26,232.246,311.775008,19.823,29.279,90.164,12809.474,5022.258,20713.986,-531.711,9,2019,0,273
1251,2019-12-31,XOG.xlsx,33,-87.464,230.844,-0.0858476165328658,-0.3253274420721813,3.270434348928135,176.942,236.26,232.246,-18.356,19.823,29.279,12852.266,5205.774,19933.39,581.083,12,2019,1,365
1252,2020-03-31,XOG.xlsx,33,-157.08,165.187008,-0.12549667645258844,-0.473680066873212,-1.6520381591775786,230.844,176.942,236.26,-87.464,-18.356,19.823,11913.743,4934.267,14548.505,2657.878,3,2020,1,91
1253,2020-06-30,XOG.xlsx,33,-174.478,63.129,-0.16102820232794493,0.0,-0.6842769897342666,165.187008,230.844,176.942,-157.08,-87.464,-18.356,11005.949,5367.581,18381.073,-116.069,6,2020,1,182
1271,2015-06-30,CRC.xlsx,34,-20.0,634.0,0.017511074336954962,0.036954985609678324,0.41125541125541126,577.0,820.0,1092.0,-90.0,172.0,319.0,9445.372,3355.065,20118.767,-56.295,6,2015,1,181
1272,2015-09-30,CRC.xlsx,34,-7.0,626.0,-0.003554588337141361,-0.013565890992127894,0.3861788617886179,634.0,577.0,820.0,-20.0,-90.0,172.0,9400.599,3488.516,19469.679,264.394,9,2015,2,273
1273,2015-12-31,CRC.xlsx,34,68.0,566.0,-0.03043043746928491,0.0,0.24761904761904763,626.0,634.0,577.0,-7.0,-20.0,-90.0,9201.996,3344.774,19062.961,1020.325,12,2015,3,365
1274,2016-03-31,CRC.xlsx,34,-33.0,322.0,-0.031606487379102356,0.0,0.18421052631578946,566.0,626.0,634.0,68.0,-7.0,-20.0,8873.962,3570.4,19346.261,355.095,3,2016,3,91
1275,2016-06-30,CRC.xlsx,34,46.0,454.0,-0.03449063370882569,0.0,0.02717391304347826,322.0,566.0,626.0,-33.0,68.0,-7.0,8662.136,3603.839,19753.69,571.888,6,2016,3,182
1276,2016-09-30,CRC.xlsx,34,12.0,481.0,-0.0337015270775175,0.0,0.12751677852348994,454.0,322.0,566.0,46.0,-33.0,68.0,8803.808,3544.323,19684.138,23.902,9,2016,4,274
1277,2016-12-31,CRC.xlsx,34,-28.0,452.0,-0.049078839177963324,0.0,0.27522935779816515,481.0,454.0,322.0,12.0,46.0,-33.0,8874.755,3395.032,19289.554,778.953,12,2016,5,366
1278,2017-03-31,CRC.xlsx,34,121.153848,590.0,-0.04217381087715176,0.0,0.19145803102110234,452.0,481.0,454.0,-28.0,12.0,46.0,9101.383,3682.233,19621.157,-95.43,3,2017,4,90
1279,2017-06-30,CRC.xlsx,34,6.0,481.0,-0.04481393462104643,0.0,0.5694444444444444,590.0,452.0,481.0,121.153848,-28.0,12.0,9246.986,3822.097,20125.278,-374.882,6,2017,4,181
1280,2017-09-30,CRC.xlsx,34,29.538462,518.0,-0.0415501387697927,0.0,0.6114769428187854,481.0,590.0,452.0,6.0,121.153848,-28.0,9668.587,4019.742,19970.876,-1161.213,9,2017,5,273
1281,2017-12-31,CRC.xlsx,34,89.0,574.0,-0.028978584655252725,0.0,0.6289592760180995,518.0,481.0,590.0,29.538462,6.0,121.153848,10001.026,3852.968,20564.365,-405.156,12,2017,6,365
1282,2018-03-31,CRC.xlsx,34,111.797472,609.0,-0.021335807050092765,0.0,0.6022596296028754,574.0,518.0,481.0,89.0,29.538462,6.0,10499.861,4285.767,20038.353,118.572,3,2018,5,90
1283,2018-06-30,CRC.xlsx,34,112.531648,648.0,-0.009317244448403292,0.0,0.7914734797781557,609.0,574.0,518.0,111.797472,89.0,29.538462,10897.23,4451.677,20671.374,185.729,6,2018,5,181
1284,2018-09-30,CRC.xlsx,34,160.0,803.0,0.003645477311968516,0.0,0.6145833333333334,648.0,609.0,574.0,112.531648,111.797472,89.0,11508.62,4587.677,20785.793,-520.494,9,2018,6,273
1285,2018-12-31,CRC.xlsx,34,156.0,768.0,0.008978675516355727,0.0,0.6503496503496503,803.0,648.0,609.0,160.0,112.531648,111.797472,11868.52,4554.065,20614.981,246.004,12,2018,0,365
1286,2019-03-31,CRC.xlsx,34,165.063296,793.0,0.012061167404114777,0.0,0.4439725366587107,768.0,803.0,648.0,156.0,160.0,112.531648,12148.594,4790.233,20332.6,596.143,3,2019,6,90
1287,2019-06-30,CRC.xlsx,34,117.0,646.0,0.011022043886226508,0.0,0.5555555555555556,793.0,768.0,803.0,165.063296,156.0,160.0,11902.106,4707.323,20734.572,158.326,6,2019,6,181
1288,2019-09-30,CRC.xlsx,34,151.0,684.0,0.008845138861421404,0.0,0.43109540636042404,646.0,793.0,768.0,117.0,165.063296,156.0,12809.474,5022.258,20713.986,-531.711,9,2019,0,273
1289,2019-12-31,CRC.xlsx,34,241.354432,681.0,0.009917823566239527,0.0,0.1687743350813854,684.0,646.0,793.0,151.0,117.0,165.063296,12852.266,5205.774,19933.39,581.083,12,2019,1,365
1290,2020-03-31,CRC.xlsx,34,149.848096,573.0,0.005408062816743357,0.0,0.11158717672302206,681.0,684.0,646.0,241.354432,151.0,117.0,11913.743,4934.267,14548.505,2657.878,3,2020,1,91
1291,2020-06-30,CRC.xlsx,34,-112.0,276.0,-0.03764587901844779,0.0,-0.125,573.0,681.0,684.0,149.848096,241.354432,151.0,11005.949,5367.581,18381.073,-116.069,6,2020,1,182
1296,2012-03-31,BCEI.xlsx,35,17.760268,46.619292,0.03633348694231731,0.050938980436658315,1.169401310952916,34.444,26.85424,24.89236,7.743,8.5285,8.943394,6320.018,2378.833,18162.625,73.839,3,2012,5,91
1297,2012-06-30,BCEI.xlsx,35,19.702198,51.585424,0.042007894980234994,0.06270415245006904,2.295654957457342,46.619292,34.444,26.85424,17.760268,7.743,8.5285,6431.241,2326.581,18540.192,60.797,6,2012,5,182
1298,2012-09-30,BCEI.xlsx,35,15.006997,58.235012,0.04595249633691585,0.07640556520812049,2.9705703691030685,51.585424,46.619292,34.444,19.702198,17.760268,7.743,6969.575,2506.774,18707.948,-311.896,9,2012,6,274
1299,2012-12-31,BCEI.xlsx,35,26.967,74.04,0.05395441530594959,0.07978562851383557,2.0143574692394024,58.235012,51.585424,46.619292,15.006997,19.702198,17.760268,7083.902,2378.742,18735.783,98.436,12,2012,0,366
1300,2013-03-31,BCEI.xlsx,35,23.766,76.8,0.05399467004408567,0.08444847904349265,1.4805115067855104,74.04,58.235012,51.585424,26.967,15.006997,19.702198,7374.717,2513.2,18594.266,468.871,3,2013,6,90
1301,2013-06-30,BCEI.xlsx,35,31.653,93.565,0.05248302616908883,0.08905028266150045,1.7581727081327216,76.8,74.04,58.235012,23.766,26.967,15.006997,7522.913,2618.387,19259.928,-35.322,6,2013,6,181
1302,2013-09-30,BCEI.xlsx,35,53.481,119.099,0.06606190981874213,0.12146758691060411,1.6408137950893202,93.565,76.8,74.04,31.653,23.766,26.967,7761.289,2766.452,19322.771,-766.779,9,2013,0,273
1303,2013-12-31,BCEI.xlsx,35,45.384,131.598,0.055190350800905064,0.11121729356786107,1.2096306774162915,119.099,93.565,76.8,53.481,31.653,23.766,8078.372,2695.484,19102.562,-437.69,12,2013,1,365
1304,2014-03-31,BCEI.xlsx,35,31.408,125.168,0.05693313354302856,0.11988910496517559,1.736320189513408,131.598,119.099,93.565,45.384,53.481,31.653,8527.393,2950.2,18834.401,930.656,3,2014,0,90
1305,2014-06-30,BCEI.xlsx,35,20.355,130.29,0.05146777989634379,0.11312949574851237,2.1104844773874745,125.168,131.598,119.099,31.408,45.384,53.481,8847.519,3114.806,19247.071,140.575,6,2014,0,181
1306,2014-09-30,BCEI.xlsx,35,55.931,155.376992,0.04125914551819555,0.09690420918985955,2.9365958446614977,130.29,125.168,131.598,20.355,31.408,45.384,9266.317,3196.323,19700.626,-198.734,9,2014,1,273
1307,2014-12-31,BCEI.xlsx,35,36.683,144.559008,0.03841896944986463,0.0972961586189462,1.8289898487596044,155.376992,130.29,125.168,55.931,20.355,31.408,9383.585,3054.774,19272.857,697.511,12,2014,2,365
1308,2015-03-31,BCEI.xlsx,35,6.408,108.542,0.023948230163831973,0.056303620950431225,2.5573900813306425,144.559008,155.376992,130.29,36.683,55.931,20.355,9658.484,3375.333,19260.905,858.02,3,2015,1,90
1309,2015-06-30,BCEI.xlsx,35,-16.707,105.611,0.0006627805671959089,0.002782602321944077,2.412435642075989,108.542,144.559008,155.376992,6.408,36.683,55.931,9445.372,3355.065,20118.767,-56.295,6,2015,1,181
1310,2015-09-30,BCEI.xlsx,35,6.58,109.866,-0.008432404367059956,-0.004172484635431993,1.2490071302614427,105.611,108.542,144.559008,-16.707,6.408,36.683,9400.599,3488.516,19469.679,264.394,9,2015,2,273
1311,2015-12-31,BCEI.xlsx,35,4.085,99.656,-0.16987357484846757,-0.5842801918049189,1.0812961817649165,109.866,105.611,108.542,6.58,-16.707,6.408,9201.996,3344.774,19062.961,1020.325,12,2015,3,365
1312,2016-03-31,BCEI.xlsx,35,-10.727,51.682,-0.1383216780530023,-0.4254857892099528,2.2589445438282647,99.656,109.866,105.611,4.085,6.58,-16.707,8873.962,3570.4,19346.261,355.095,3,2016,3,91
1313,2016-06-30,BCEI.xlsx,35,-4.965,58.423,-0.1456398177732237,-0.48694773202049385,0.31480625529620215,51.682,99.656,109.866,-10.727,4.085,6.58,8662.136,3603.839,19753.69,571.888,6,2016,3,182
1314,2016-09-30,BCEI.xlsx,35,-10.849,53.673,-0.17100714891471364,-0.6268196390250842,0.30315559068523135,58.423,51.682,99.656,-4.965,-10.727,4.085,8803.808,3544.323,19684.138,23.902,9,2016,4,274
1315,2016-12-31,BCEI.xlsx,35,-45.61,49.85,-0.11572440391799553,-1.2126772466793079,-0.2248776122545665,53.673,58.423,51.682,-10.849,-4.965,-10.727,8874.755,3395.032,19289.554,778.953,12,2016,5,366
1316,2017-03-31,BCEI.xlsx,35,-2.096,52.559,-0.12291416944315856,0.0,0.21264908976773386,49.85,53.673,58.423,-45.61,-10.849,-4.965,9101.383,3682.233,19621.157,-95.43,3,2017,4,90
1317,2017-06-30,BCEI.xlsx,35,-2.863,44.144,-0.12416733934855331,-0.3218702884486564,1.3610922275096304,52.559,49.85,53.673,-2.096,-45.61,-10.849,9246.986,3822.097,20125.278,-374.882,6,2017,4,181
1318,2017-09-30,BCEI.xlsx,35,13.392846,45.232,-0.09202690368808805,-0.23999405273442365,1.8338852826656478,44.144,52.559,49.85,-2.863,-2.096,-45.61,9668.587,4019.742,19970.876,-1161.213,9,2017,5,273
1319,2017-12-31,BCEI.xlsx,35,8.193,50.189,0.0029239769147446325,0.008121591465755617,1.9941105144638838,45.232,44.144,52.559,13.392846,-2.863,-2.096,10001.026,3852.968,20564.365,-405.156,12,2017,6,365
1320,2018-03-31,BCEI.xlsx,35,21.147,59.881,0.03255673244007416,0.0,1.3214098761123714,50.189,45.232,44.144,8.193,13.392846,-2.863,10499.861,4285.767,20038.353,118.572,3,2018,5,90
1321,2018-06-30,BCEI.xlsx,35,28.637,64.562,0.06863520857122715,0.0842185128728017,1.4447789324886784,59.881,50.189,45.232,21.147,8.193,13.392846,10897.23,4451.677,20671.374,185.729,6,2018,5,181
1322,2018-09-30,BCEI.xlsx,35,25.023,66.058,0.08369122193486567,0.10066646604121751,1.8337128575395722,64.562,59.881,50.189,28.637,21.147,8.193,11508.62,4587.677,20785.793,-520.494,9,2018,6,273
1323,2018-12-31,BCEI.xlsx,35,29.265,66.213,0.128842662241379,0.15703562722703604,2.5162106338044516,66.058,64.562,59.881,25.023,28.637,21.147,11868.52,4554.065,20614.981,246.004,12,2018,0,365
1324,2019-03-31,BCEI.xlsx,35,30.861,72.594,0.10868374017683011,0.13753190720408007,0.7761594010187591,66.213,66.058,64.562,29.265,25.023,28.637,12148.594,4790.233,20332.6,596.143,3,2019,6,90
1325,2019-06-30,BCEI.xlsx,35,35.533,85.783,0.1145879850571771,0.14748541707068794,1.4964580045590041,72.594,66.213,66.058,30.861,29.265,25.023,11902.106,4707.323,20734.572,158.326,6,2019,6,181
1326,2019-09-30,BCEI.xlsx,35,24.195,75.176,0.11308772319676078,0.14278052813075723,1.5732758620689655,85.783,72.594,66.213,35.533,30.861,29.265,12809.474,5022.258,20713.986,-531.711,9,2019,0,273
1327,2019-12-31,BCEI.xlsx,35,26.921,79.667,0.09370954497855478,0.11802677945519213,1.1463339494762785,75.176,85.783,72.594,24.195,35.533,30.861,12852.266,5205.774,19933.39,581.083,12,2019,1,365
1328,2020-03-31,BCEI.xlsx,35,10.489,60.405,0.08465147398726734,0.10690935303929035,0.7494573643410852,79.667,75.176,85.783,26.921,24.195,35.533,11913.743,4934.267,14548.505,2657.878,3,2020,1,91
1329,2020-06-30,BCEI.xlsx,35,-10.163,36.192,0.0658822918178932,0.08193239209420197,1.591188131474613,60.405,79.667,75.176,10.489,26.921,24.195,11005.949,5367.581,18381.073,-116.069,6,2020,1,182
1365,2019-12-31,MNRL.xlsx,36,14.362,33.614,0.0,0.0,1.5203665172855314,25.107,24.529,18.265,9.115,5.034,8.707,12852.266,5205.774,19933.39,581.083,12,2019,1,365
1366,2020-03-31,MNRL.xlsx,36,10.413,32.28,0.0475131920335601,0.04553074094334037,1.0869658763285857,33.614,25.107,24.529,14.362,9.115,5.034,11913.743,4934.267,14548.505,2657.878,3,2020,1,91
1367,2020-06-30,MNRL.xlsx,36,-7.144,12.605,0.03199902254223809,0.044717785261556245,0.932199211045365,32.28,33.614,25.107,10.413,14.362,9.115,11005.949,5367.581,18381.073,-116.069,6,2020,1,182
1395,2017-12-31,BRY.xlsx,37,0.0,0.0,0.0,0.0,0.0,0.0,0.0,152.372992,0.0,0.0,42.579,10001.026,3852.968,20564.365,-405.156,12,2017,6,365
1399,2018-12-31,BRY.xlsx,37,172.648,280.345984,0.0,0.0,0.22295355049720167,142.947008,65.982,97.284,58.825,-23.001,-0.745,11868.52,4554.065,20614.981,246.004,12,2018,0,365
1400,2019-03-31,BRY.xlsx,37,-35.509,76.539,0.03834670407732099,-0.04365971171344667,-4.832570487001099,280.345984,142.947008,65.982,172.648,58.825,-23.001,12148.594,4790.233,20332.6,596.143,3,2019,6,90
1401,2019-06-30,BRY.xlsx,37,64.142,170.066,0.07730133957441039,0.039676599941775484,0.7019829834732394,76.539,280.345984,142.947008,-35.509,172.648,58.825,11902.106,4707.323,20734.572,158.326,6,2019,6,181
1402,2019-09-30,BRY.xlsx,37,81.883,194.672,0.06972353509005855,0.12215998213146971,0.5940555195486869,170.066,76.539,280.345984,64.142,-35.509,172.648,12809.474,5022.258,20713.986,-531.711,9,2019,0,273
1403,2019-12-31,BRY.xlsx,37,-7.261,118.128,0.06733655176782617,0.11509624125278575,2.3869795543102317,194.672,170.066,76.539,81.883,64.142,-35.509,12852.266,5205.774,19933.39,581.083,12,2019,1,365
1404,2020-03-31,BRY.xlsx,37,222.956992,339.264992,0.03947136802329008,0.06934102137311651,0.16739583252673393,118.128,194.672,170.066,-7.261,81.883,64.142,11913.743,4934.267,14548.505,2657.878,3,2020,1,91
1405,2020-06-30,BRY.xlsx,37,-77.601,33.453,0.03249455359753589,0.058153414958428594,-0.5612262715458105,339.264992,118.128,194.672,222.956992,-7.261,81.883,11005.949,5367.581,18381.073,-116.069,6,2020,1,182
1410,2012-03-31,SM.xlsx,38,57.121,377.423008,0.055198560328357016,0.1408849549664209,1.4778486846730154,379.542016,530.574016,377.872992,65.196,102.16,139.048992,6320.018,2378.833,18162.625,73.839,3,2012,5,91
1411,2012-06-30,SM.xlsx,38,27.685,304.42,0.038848590766061,0.0974902477355856,1.9845584563426415,377.423008,379.542016,530.574016,57.121,65.196,102.16,6431.241,2326.581,18540.192,60.797,6,2012,5,182
1412,2012-09-30,SM.xlsx,38,21.999,378.951008,0.024098734098513482,0.05966238743047817,1.966511261281764,304.42,377.423008,379.542016,27.685,57.121,65.196,6969.575,2506.774,18707.948,-311.896,9,2012,6,274
1413,2012-12-31,SM.xlsx,38,69.831,444.308,0.024206261272500834,0.06728768785850554,1.3908967094044735,378.951008,304.42,377.423008,21.999,27.685,57.121,7083.902,2378.742,18735.783,98.436,12,2012,0,366
1414,2013-03-31,SM.xlsx,38,96.952,484.18,0.03023021266214079,0.08403658293553548,1.2892637253953338,444.308,378.951008,304.42,69.831,21.999,27.685,7374.717,2513.2,18594.266,468.871,3,2013,6,90
1415,2013-06-30,SM.xlsx,38,91.705,553.08,0.03454665343689075,0.09715317813474876,1.2979246210259707,484.18,444.308,378.951008,96.952,69.831,21.999,7522.913,2618.387,19259.928,-35.322,6,2013,6,181
1416,2013-09-30,SM.xlsx,38,193.386,619.323008,0.0552652322335222,0.15998753528603119,1.0025464133140687,553.08,484.18,444.308,91.705,96.952,69.831,7761.289,2766.452,19322.771,-766.779,9,2013,0,273
1417,2013-12-31,SM.xlsx,38,171.991008,608.243008,0.06731842780407982,0.19840881796821336,1.1536177806189498,619.323008,553.08,484.18,193.386,91.705,96.952,8078.372,2695.484,19102.562,-437.69,12,2013,1,365
1418,2014-03-31,SM.xlsx,38,255.079008,632.72,0.08713849045904722,0.2514648594390414,0.813656897809106,608.243008,619.323008,553.08,171.991008,193.386,91.705,8527.393,2950.2,18834.401,930.656,3,2014,0,90
1419,2014-06-30,SM.xlsx,38,237.272224,674.979968,0.09971731435116145,0.29233131532437323,1.2362216781815856,632.72,608.243008,619.323008,255.079008,171.991008,193.386,8847.519,3114.806,19247.071,140.575,6,2014,0,181
1420,2014-09-30,SM.xlsx,38,187.990464,618.785984,0.09147888163141296,0.26879374338686457,2.4374256672343497,674.979968,632.72,608.243008,237.272224,255.079008,171.991008,9266.317,3196.323,19700.626,-198.734,9,2014,1,273
1421,2014-12-31,SM.xlsx,38,82.892616,595.227008,0.07051181374772517,0.2026230627850281,2.4562761045452617,618.785984,674.979968,632.72,187.990464,237.272224,255.079008,9383.585,3054.774,19272.857,697.511,12,2014,2,365
1422,2015-03-31,SM.xlsx,38,-105.647,401.736,0.032285896686151005,0.0931827443111267,4.966569286110564,595.227008,618.785984,674.979968,82.892616,187.990464,237.272224,9658.484,3375.333,19260.905,858.02,3,2015,1,90
1423,2015-06-30,SM.xlsx,38,-23.101,444.262016,0.0019476444419331011,0.005553269359128071,2.165195763434098,401.736,595.227008,618.785984,-105.647,82.892616,187.990464,9445.372,3355.065,20118.767,-56.295,6,2015,1,181
1424,2015-09-30,SM.xlsx,38,-119.974,368.736,-0.031142756704382157,-0.08935415644584835,2.3263063798878174,444.262016,401.736,595.227008,-23.101,-105.647,82.892616,9400.599,3488.516,19469.679,264.394,9,2015,2,273
1425,2015-12-31,SM.xlsx,38,-185.232,299.2,-0.05864654563770051,-0.17151350187654768,4.245669921340317,368.736,444.262016,401.736,-119.974,-23.101,-105.647,9201.996,3344.774,19062.961,1020.325,12,2015,3,365
1426,2016-03-31,SM.xlsx,38,-199.836,212.096992,-0.07090669862227016,-0.22358548065422018,13.319462807041958,299.2,368.736,444.262016,-185.232,-119.974,-23.101,8873.962,3570.4,19346.261,355.095,3,2016,3,91
1427,2016-06-30,SM.xlsx,38,-117.206,291.768,-0.08459139600844315,-0.26923927431312294,1.8324238173406955,212.096992,299.2,368.736,-199.836,-185.232,-119.974,8662.136,3603.839,19753.69,571.888,6,2016,3,182
1428,2016-09-30,SM.xlsx,38,-46.462,330.272,-0.07373272023663814,-0.21928004100375934,1.0259111617312073,291.768,212.096992,299.2,-117.206,-199.836,-185.232,8803.808,3544.323,19684.138,23.902,9,2016,4,274
1429,2016-12-31,SM.xlsx,38,-37.271,346.239008,-0.05786466685674841,-0.1598453676744392,17.121217573370323,330.272,291.768,212.096992,-46.462,-117.206,-199.836,8874.755,3395.032,19289.554,778.953,12,2016,5,366
1430,2017-03-31,SM.xlsx,38,13.924,335.275008,-0.03825592824802936,-0.10767094261023591,1.5125349290873624,346.239008,330.272,291.768,-37.271,-46.462,-117.206,9101.383,3682.233,19621.157,-95.43,3,2017,4,90
1431,2017-06-30,SM.xlsx,38,-35.225,287.854016,-0.02898840850076347,-0.08474507910535885,1.9098612116230393,335.275008,346.239008,330.272,13.924,-37.271,-46.462,9246.986,3822.097,20125.278,-374.882,6,2017,4,181
1432,2017-09-30,SM.xlsx,38,-2.658,297.273984,-0.02280743098467303,-0.06405613160074626,1.9514404771829832,287.854016,335.275008,346.239008,-35.225,13.924,-37.271,9668.587,4019.742,19970.876,-1161.213,9,2017,5,273
1433,2017-12-31,SM.xlsx,38,18.336,340.000992,-0.016523722511787745,-0.04246094311609865,1.7803159391613539,297.273984,287.854016,335.275008,-2.658,-35.225,13.924,10001.026,3852.968,20564.365,-405.156,12,2017,6,365
1434,2018-03-31,SM.xlsx,38,86.853,384.225984,-0.01170105464187413,-0.02868306011143947,1.3874133421679873,340.000992,297.273984,287.854016,18.336,-2.658,-35.225,10499.861,4285.767,20038.353,118.572,3,2018,5,90
1435,2018-06-30,SM.xlsx,38,92.331,404.415008,-0.0026936643857044928,-0.0066585474739233345,1.8288418982695331,384.225984,340.000992,297.273984,86.853,18.336,-2.658,10897.23,4451.677,20671.374,185.729,6,2018,5,181
1436,2018-09-30,SM.xlsx,38,77.651,458.583008,0.0016437705639734115,0.004084513572727374,1.1093034481769002,404.415008,384.225984,340.000992,92.331,86.853,18.336,11508.62,4587.677,20785.793,-520.494,9,2018,6,273
1437,2018-12-31,SM.xlsx,38,6.75,392.931008,0.021919991561767656,0.05167510494392118,1.47988554472234,458.583008,404.415008,384.225984,77.651,92.331,86.853,11868.52,4554.065,20614.981,246.004,12,2018,0,365
1438,2019-03-31,SM.xlsx,38,-1.951,340.868992,-0.001379728513567318,-0.0032743807616360176,1.3478573392360398,392.931008,458.583008,404.415008,6.75,77.651,92.331,12148.594,4790.233,20332.6,596.143,3,2019,6,90
1439,2019-06-30,SM.xlsx,38,36.667,406.910016,-0.005059351745974879,-0.011992718856124976,1.2840464641066347,340.868992,392.931008,458.583008,-1.951,6.75,77.651,11902.106,4707.323,20734.572,158.326,6,2019,6,181
1440,2019-09-30,SM.xlsx,38,4.925,390.316992,-0.007118291538691515,-0.01664350932394981,0.9599855967628368,406.910016,340.868992,392.931008,36.667,-1.951,6.75,12809.474,5022.258,20713.986,-531.711,9,2019,0,273
1441,2019-12-31,SM.xlsx,38,36.289,451.147008,-0.008555744747939565,-0.019083113054206388,0.8655384943766117,390.316992,406.910016,340.868992,4.925,36.667,-1.951,12852.266,5205.774,19933.39,581.083,12,2019,1,365
1442,2020-03-31,SM.xlsx,38,-36.669,355.734016,-0.005099307268230351,-0.011935266087407831,0.6840327221660267,451.147008,390.316992,406.910016,36.289,4.925,36.667,11913.743,4934.267,14548.505,2657.878,3,2020,1,91
1443,2020-06-30,SM.xlsx,38,-136.82,169.540992,-0.006998757524368549,-0.016055026808780935,3.5245727484584135,355.734016,451.147008,390.316992,-36.669,36.289,4.925,11005.949,5367.581,18381.073,-116.069,6,2020,1,182
1448,2012-03-31,PVAC.xlsx,39,3.803,91.636,-0.0154650462010315,-0.03341512145495344,1.7295679238374222,84.482,91.809,78.677,2.026,1.278,-4.531,6320.018,2378.833,18162.625,73.839,3,2012,5,91
1449,2012-06-30,PVAC.xlsx,39,-2.683,83.737,-0.017858545023037957,-0.04021584262154319,1.9165052897649673,91.636,84.482,91.809,3.803,2.026,1.278,6431.241,2326.581,18540.192,60.797,6,2012,5,182
1450,2012-09-30,PVAC.xlsx,39,2.644,85.364,-0.02063069022906381,-0.04620952335995006,1.3219240019240017,83.737,91.636,84.482,-2.683,3.803,2.026,6969.575,2506.774,18707.948,-311.896,9,2012,6,274
1451,2012-12-31,PVAC.xlsx,39,-2.305,81.853,-0.0257875631363289,-0.06210356979849322,2.1807912855033273,85.364,83.737,91.636,2.644,-2.683,3.803,7083.902,2378.742,18735.783,98.436,12,2012,0,366
1452,2013-03-31,PVAC.xlsx,39,1.147,87.304,-0.024869113782204036,-0.0639258486193603,1.6306545530413672,81.853,85.364,83.737,-2.305,2.644,-2.683,7374.717,2513.2,18594.266,468.871,3,2013,6,90
1453,2013-06-30,PVAC.xlsx,39,7.613,111.632,-0.01927217422721745,-0.05942656203400023,6.972227627811293,87.304,81.853,85.364,1.147,-2.305,2.644,7522.913,2618.387,19259.928,-35.322,6,2013,6,181
1454,2013-09-30,PVAC.xlsx,39,20.459,117.634,-0.013519643822736334,-0.04840010301985067,1.5421606821937304,111.632,87.304,81.853,7.613,1.147,-2.305,7761.289,2766.452,19322.771,-766.779,9,2013,0,273
1455,2013-12-31,PVAC.xlsx,39,13.216,114.122,-0.010326807703523058,-0.04038901794413478,2.1179664657261825,117.634,111.632,87.304,20.459,7.613,1.147,8078.372,2695.484,19102.562,-437.69,12,2013,1,365
1456,2014-03-31,PVAC.xlsx,39,12.02,129.982,-0.009468547365882122,-0.03812136948413144,1.8977519683636754,114.122,117.634,111.632,13.216,20.459,7.613,8527.393,2950.2,18834.401,930.656,3,2014,0,90
1457,2014-06-30,PVAC.xlsx,39,20.222,132.19,-0.002317074209018014,-0.023269878990062765,2.0813668052237095,129.982,114.122,117.634,12.02,13.216,20.459,8847.519,3114.806,19247.071,140.575,6,2014,0,181
1458,2014-09-30,PVAC.xlsx,39,21.249,134.319008,-0.0016354459714210045,-0.030907630050339134,2.085310226492793,132.19,129.982,114.122,20.222,12.02,13.216,9266.317,3196.323,19700.626,-198.734,9,2014,1,273
1459,2014-12-31,PVAC.xlsx,39,-4.107,112.089,-0.035057021455052316,-0.21993576528663666,2.843624719184798,134.319008,132.19,129.982,21.249,20.222,12.02,9383.585,3054.774,19272.857,697.511,12,2014,2,365
1460,2015-03-31,PVAC.xlsx,39,-23.908,112.11,-0.06031723580802649,-0.37328059481546816,2.52674860201549,112.089,134.319008,132.19,-4.107,21.249,20.222,9658.484,3375.333,19260.905,858.02,3,2015,1,90
1461,2015-06-30,PVAC.xlsx,39,-2.33,118.39,-0.07393923488418394,-0.552098090347097,1.147437594781311,112.11,112.089,134.319008,-23.908,-4.107,21.249,9445.372,3355.065,20118.767,-56.295,6,2015,1,181
1462,2015-09-30,PVAC.xlsx,39,-13.693,93.414,-0.08121448024090688,-0.5075395568584963,0.9586585809965642,118.39,112.11,112.089,-2.33,-23.908,-4.107,9400.599,3488.516,19469.679,264.394,9,2015,2,273
1463,2015-12-31,PVAC.xlsx,39,-17.821,78.218,-0.10804715714567006,0.0,0.6284079117008899,93.414,118.39,112.11,-13.693,-2.33,-23.908,9201.996,3344.774,19062.961,1020.325,12,2015,3,365
1464,2016-03-31,PVAC.xlsx,39,30.506,61.209,-0.10452761968242488,0.0,0.3160115528679092,78.218,93.414,118.39,-17.821,-13.693,-2.33,8873.962,3570.4,19346.261,355.095,3,2016,3,91
1465,2016-06-30,PVAC.xlsx,39,23.129,52.635,-0.11111712667088211,0.0,0.016344086021505375,61.209,78.218,93.414,30.506,-17.821,-13.693,8662.136,3603.839,19753.69,571.888,6,2016,3,182
1466,2016-09-30,PVAC.xlsx,39,-3.027,33.562,-0.11397154455190317,-0.5330494076307548,0.11158553942499289,52.635,61.209,78.218,23.129,30.506,-17.821,8803.808,3544.323,19684.138,23.902,9,2016,4,274
1467,2016-12-31,PVAC.xlsx,39,10.571,33.087,0.0046354694499039974,0.0,0.23828860057442808,33.562,52.635,61.209,-3.027,23.129,30.506,8874.755,3395.032,19289.554,778.953,12,2016,5,366
1468,2017-03-31,PVAC.xlsx,39,9.546,32.929,-0.03201232586816445,0.0,0.9165633395329612,33.087,33.562,52.635,10.571,-3.027,23.129,9101.383,3682.233,19621.157,-95.43,3,2017,4,90
1469,2017-06-30,PVAC.xlsx,39,11.128,35.95,0.06710309055652465,0.0,1.1638443523689423,32.929,33.087,33.562,9.546,10.571,-3.027,9246.986,3822.097,20125.278,-374.882,6,2017,4,181
1470,2017-09-30,PVAC.xlsx,39,9.831,35.238,0.09320900562799284,0.13277682083716805,1.1681307955100049,35.95,32.929,33.087,11.128,9.546,10.571,9668.587,4019.742,19970.876,-1161.213,9,2017,5,273
1471,2017-12-31,PVAC.xlsx,39,21.053,54.303,0.09417952925058182,0.21308637063560476,1.2310716251277616,35.238,35.95,32.929,9.831,11.128,9.546,10001.026,3852.968,20564.365,-405.156,12,2017,6,365
1472,2018-03-31,PVAC.xlsx,39,26.942,69.56,0.10237973000921512,0.24793845241251625,1.5878057238439098,54.303,35.238,35.95,21.053,9.831,11.128,10499.861,4285.767,20038.353,118.572,3,2018,5,90
1473,2018-06-30,PVAC.xlsx,39,43.537,99.175,0.13488275467421126,0.35506804095351896,1.6509958561689613,69.56,54.303,35.238,26.942,21.053,9.831,10897.23,4451.677,20671.374,185.729,6,2018,5,181
1474,2018-09-30,PVAC.xlsx,39,48.864,111.969,0.15474078783300116,0.4910670464367945,1.4533738674296617,99.175,69.56,54.303,43.537,26.942,21.053,11508.62,4587.677,20785.793,-520.494,9,2018,6,273
1475,2018-12-31,PVAC.xlsx,39,58.608,125.114,0.16619771793060392,0.4219698573552494,1.0961313251662441,111.969,99.175,69.56,48.864,43.537,26.942,11868.52,4554.065,20614.981,246.004,12,2018,0,365
1476,2019-03-31,PVAC.xlsx,39,39.367,105.203,0.16513084229320954,0.47804470532283705,1.1031377551020407,125.114,111.969,99.175,58.608,48.864,43.537,12148.594,4790.233,20332.6,596.143,3,2019,6,90
1477,2019-06-30,PVAC.xlsx,39,39.647,114.45,0.14393713224977217,0.42075384274793204,1.0631811645015985,105.203,125.114,111.969,39.367,58.608,48.864,11902.106,4707.323,20734.572,158.326,6,2019,6,181
1478,2019-09-30,PVAC.xlsx,39,39.54,118.804,0.12286415536936364,0.3488904530347227,1.3422513823362352,114.45,105.203,125.114,39.647,39.367,58.608,12809.474,5022.258,20713.986,-531.711,9,2019,0,273
1479,2019-12-31,PVAC.xlsx,39,50.532,124.224,0.11838010257832599,0.27967980629571004,0.7426115329108365,118.804,114.45,105.203,39.54,39.647,39.367,12852.266,5205.774,19933.39,581.083,12,2019,1,365
1480,2020-03-31,PVAC.xlsx,39,21.026,91.104,0.0998548680885633,0.23656339041246902,1.0009846014785164,124.224,118.804,114.45,50.532,39.54,39.647,11913.743,4934.267,14548.505,2657.878,3,2020,1,91
1481,2020-06-30,PVAC.xlsx,39,-75.841,-13.403,0.012333330747432068,0.02843284788270883,-1.320272306812867,91.104,124.224,118.804,21.026,50.532,39.54,11005.949,5367.581,18381.073,-116.069,6,2020,1,182
1486,2012-03-31,PXD.xlsx,40,274.727008,782.652992,0.052866250022289604,0.11218125173911311,1.618301156313035,718.350976,648.158016,610.670016,254.912992,276.681984,251.236992,6320.018,2378.833,18162.625,73.839,3,2012,5,91
1487,2012-06-30,PXD.xlsx,40,270.960992,798.444992,0.05280590170613935,0.11572745704853443,1.803114026069705,782.652992,718.350976,648.158016,274.727008,254.912992,276.681984,6431.241,2326.581,18540.192,60.797,6,2012,5,182
1488,2012-09-30,PXD.xlsx,40,268.443008,829.420992,0.04800307959394102,0.10621682112851265,1.630456206224276,798.444992,782.652992,718.350976,270.960992,274.727008,254.912992,6969.575,2506.774,18707.948,-311.896,9,2012,6,274
1489,2012-12-31,PXD.xlsx,40,244.724,788.632,0.040618992670828684,0.08944440205698242,1.4929747335170604,829.420992,798.444992,782.652992,268.443008,270.960992,274.727008,7083.902,2378.742,18735.783,98.436,12,2012,0,366
1490,2013-03-31,PXD.xlsx,40,286.0,839.0,0.039315122029099835,0.0791903709395966,1.5120481927710843,788.632,829.420992,798.444992,244.724,268.443008,270.960992,7374.717,2513.2,18594.266,468.871,3,2013,6,90
1491,2013-06-30,PXD.xlsx,40,283.790016,879.209024,0.03952284521681825,0.08010968202482492,1.378774997187746,839.0,788.632,829.420992,286.0,244.724,268.443008,7522.913,2618.387,19259.928,-35.322,6,2013,6,181
1492,2013-09-30,PXD.xlsx,40,305.556,936.556032,0.04152929743350106,0.08504194730118578,1.3851532522285717,879.209024,839.0,788.632,283.790016,286.0,244.724,7761.289,2766.452,19322.771,-766.779,9,2013,0,273
1493,2013-12-31,PXD.xlsx,40,257.4,978.4,0.045956654203566906,0.09483088694030732,1.468573730862208,936.556032,879.209024,839.0,305.556,283.790016,286.0,8078.372,2695.484,19102.562,-437.69,12,2013,1,365
1494,2014-03-31,PXD.xlsx,40,316.0,1019.0,0.04715561055511563,0.08863966243666199,1.3258845437616387,978.4,936.556032,879.209024,257.4,305.556,283.790016,8527.393,2950.2,18834.401,930.656,3,2014,0,90
1495,2014-06-30,PXD.xlsx,40,343.0,1136.999936,0.053445213317882725,0.10081527510976411,1.3058419243986255,1019.0,978.4,936.556032,316.0,257.4,305.556,8847.519,3114.806,19247.071,140.575,6,2014,0,181
1496,2014-09-30,PXD.xlsx,40,355.0,1172.0,0.05393155587054438,0.10119449763143785,1.6306451612903226,1136.999936,1019.0,978.4,343.0,316.0,257.4,9266.317,3196.323,19700.626,-198.734,9,2014,1,273
1497,2014-12-31,PXD.xlsx,40,138.0,1099.000064,0.04796162429750335,0.08461437451399327,2.3760868173913043,1172.0,1136.999936,1019.0,355.0,343.0,316.0,9383.585,3054.774,19272.857,697.511,12,2014,2,365
1498,2015-03-31,PXD.xlsx,40,36.0,826.0,0.03814709794996057,0.06607917982757694,2.0838150289017343,1099.000064,1172.0,1136.999936,138.0,355.0,343.0,9658.484,3375.333,19260.905,858.02,3,2015,1,90
1499,2015-06-30,PXD.xlsx,40,55.0,982.0,0.02027927562080672,0.03481584865999012,1.28125,826.0,1099.000064,1172.0,36.0,138.0,355.0,9445.372,3355.065,20118.767,-56.295,6,2015,1,181
1500,2015-09-30,PXD.xlsx,40,26.0,1120.999936,0.00496865801969277,0.007339164989745428,1.412820512820513,982.0,826.0,1099.000064,55.0,36.0,138.0,9400.599,3488.516,19469.679,264.394,9,2015,2,273
1501,2015-12-31,PXD.xlsx,40,-1.0,1088.999936,-0.004982869382041895,-0.00883827944439497,1.6587926509186353,1120.999936,982.0,826.0,26.0,55.0,36.0,9201.996,3344.774,19062.961,1020.325,12,2015,3,365
1502,2016-03-31,PXD.xlsx,40,-106.846152,850.0,-0.007248181492342281,-0.012827988202707865,2.2343750558593762,1088.999936,1120.999936,982.0,-1.0,26.0,55.0,8873.962,3570.4,19346.261,355.095,3,2016,3,91
1503,2016-06-30,PXD.xlsx,40,1.0,1140.0,-0.010658877209402187,-0.018222698197671593,1.4207792207792207,850.0,1088.999936,1120.999936,-106.846152,-1.0,26.0,8662.136,3603.839,19753.69,571.888,6,2016,3,182
1504,2016-09-30,PXD.xlsx,40,79.0,1271.000064,-0.00507829971396398,-0.008191565978680208,0.9591397849462365,1140.0,850.0,1088.999936,1.0,-106.846152,-1.0,8803.808,3544.323,19684.138,23.902,9,2016,4,274
1505,2016-12-31,PXD.xlsx,40,172.0,1239.000064,-0.0033973365731549583,-0.0057212869061914464,0.9773156899810964,1271.000064,1140.0,850.0,79.0,1.0,-106.846152,8874.755,3395.032,19289.554,778.953,12,2016,5,366
1506,2017-03-31,PXD.xlsx,40,93.0,1135.000064,0.010808270676691729,0.017225023880733166,1.2069767441860466,1239.000064,1271.000064,1140.0,172.0,79.0,1.0,9101.383,3682.233,19621.157,-95.43,3,2017,4,90
1507,2017-06-30,PXD.xlsx,40,68.0,1140.999936,0.014924877243202097,0.023536423152681573,1.7872860635696821,1135.000064,1239.000064,1271.000064,93.0,172.0,79.0,9246.986,3822.097,20125.278,-374.882,6,2017,4,181
1508,2017-09-30,PXD.xlsx,40,147.0,1311.000064,0.015035071374734806,0.023459433952139487,1.404382470119522,1140.999936,1135.000064,1239.000064,68.0,93.0,172.0,9668.587,4019.742,19970.876,-1161.213,9,2017,5,273
1509,2017-12-31,PXD.xlsx,40,349.0,1778.0,0.02186360672989137,0.03319494418304272,1.0502793296089385,1311.000064,1140.999936,1135.000064,147.0,68.0,93.0,10001.026,3852.968,20564.365,-405.156,12,2017,6,365
1510,2018-03-31,PXD.xlsx,40,378.0,2264.0,0.03664066279632317,0.055192749698009386,1.182312925170068,1778.0,1311.000064,1140.999936,349.0,147.0,68.0,10499.861,4285.767,20038.353,118.572,3,2018,5,90
1511,2018-06-30,PXD.xlsx,40,348.860768,2240.999936,0.04898576438076182,0.07426966908674733,1.1487757676870856,2264.0,1778.0,1311.000064,378.0,349.0,147.0,10897.23,4451.677,20671.374,185.729,6,2018,5,181
1512,2018-09-30,PXD.xlsx,40,479.518976,2275.000064,0.06384064496175015,0.09756726734464334,1.1183290778586834,2240.999936,2264.0,1778.0,348.860768,378.0,349.0,11508.62,4587.677,20785.793,-520.494,9,2018,6,273
1513,2018-12-31,PXD.xlsx,40,285.0,2036.999936,0.061937773209195406,0.0920248044903266,1.597967976777939,2275.000064,2240.999936,2264.0,479.518976,348.860768,378.0,11868.52,4554.065,20614.981,246.004,12,2018,0,365
1514,2019-03-31,PXD.xlsx,40,438.0,2248.0,0.06377319516623081,0.09621706189327495,0.8993362831858407,2036.999936,2275.000064,2240.999936,285.0,479.518976,348.860768,12148.594,4790.233,20332.6,596.143,3,2019,6,90
1515,2019-06-30,PXD.xlsx,40,414.0,2384.999936,0.0718891842215008,0.10925678610988124,0.9574223245109321,2248.0,2036.999936,2275.000064,438.0,285.0,479.518976,11902.106,4707.323,20734.572,158.326,6,2019,6,181
1516,2019-09-30,PXD.xlsx,40,443.0,2430.000128,0.06956955564661056,0.1054989433883346,0.9935135135135135,2384.999936,2248.0,2036.999936,414.0,438.0,285.0,12809.474,5022.258,20713.986,-531.711,9,2019,0,273
1517,2019-12-31,PXD.xlsx,40,456.0,2654.000128,0.07152226847829957,0.10886625465590974,0.7321428571428571,2430.000128,2384.999936,2248.0,443.0,414.0,438.0,12852.266,5205.774,19933.39,581.083,12,2019,1,365
1518,2020-03-31,PXD.xlsx,40,249.0,2051.000064,0.06845158609133885,0.10493447752402842,0.9985358711566618,2654.000128,2430.000128,2384.999936,456.0,443.0,414.0,11913.743,4934.267,14548.505,2657.878,3,2020,1,91
1519,2020-06-30,PXD.xlsx,40,-95.0,1268.999936,0.044310786238772736,0.06765413352470605,1.3426791277258567,2051.000064,2654.000128,2430.000128,249.0,456.0,443.0,11005.949,5367.581,18381.073,-116.069,6,2020,1,182
1524,2012-03-31,COP.xlsx,41,3239.769344,14995.999744,0.051591821051310265,0.12189647122009119,0.793636017068478,15246.000128,16257.000448,16890.000384,3605.846272,3701.076992,4365.076992,6320.018,2378.833,18162.625,73.839,3,2012,5,91
1525,2012-06-30,COP.xlsx,41,3287.461632,13400.999936,0.054563698072861204,0.1288856277798517,0.7443304822746675,14995.999744,15246.000128,16257.000448,3239.769344,3605.846272,3701.076992,6431.241,2326.581,18540.192,60.797,6,2012,5,182
1526,2012-09-30,COP.xlsx,41,3289.923072,14357.999616,0.0540802344116665,0.12900398762299767,0.6637755489653241,13400.999936,14995.999744,15246.000128,3287.461632,3239.769344,3605.846272,6969.575,2506.774,18707.948,-311.896,9,2012,6,274
1527,2012-12-31,COP.xlsx,41,3114.307584,15502.999552,0.04950919929771085,0.11822373278988363,0.7054532573309329,14357.999616,13400.999936,14995.999744,3289.923072,3287.461632,3239.769344,7083.902,2378.742,18735.783,98.436,12,2012,0,366
1528,2013-03-31,COP.xlsx,41,3527.000064,14373.999616,0.047669253474312535,0.11599833612982989,0.6357330301136431,15502.999552,14357.999616,13400.999936,3114.307584,3289.923072,3287.461632,7374.717,2513.2,18594.266,468.871,3,2013,6,90
1529,2013-06-30,COP.xlsx,41,2692.999936,13324.99968,0.06023987431129898,0.14725706550601012,0.8187844815012993,14373.999616,15502.999552,14357.999616,3527.000064,3114.307584,3289.923072,7522.913,2618.387,19259.928,-35.322,6,2013,6,181
1530,2013-09-30,COP.xlsx,41,2972.153856,13582.000128,0.05997856406554032,0.14314700889596046,0.8586105301017918,13324.99968,14373.999616,15502.999552,2692.999936,3527.000064,3114.307584,7761.289,2766.452,19322.771,-766.779,9,2013,0,273
1531,2013-12-31,COP.xlsx,41,2510.38464,13292.000256,0.06039472680562821,0.14193970930794297,0.9665291956930646,13582.000128,13324.99968,14373.999616,2972.153856,2692.999936,3527.000064,8078.372,2695.484,19102.562,-437.69,12,2013,1,365
1532,2014-03-31,COP.xlsx,41,3426.692352,15178.000384,0.06304998044192466,0.1469600621479931,0.7323228730338867,13292.000256,13582.000128,13324.99968,2510.38464,2972.153856,2692.999936,8527.393,2950.2,18834.401,930.656,3,2014,0,90
1533,2014-06-30,COP.xlsx,41,2621.076992,13637.000192,0.06486934039730179,0.14907583390108936,0.9051226444130596,15178.000384,13292.000256,13582.000128,3426.692352,2510.38464,2972.153856,8847.519,3114.806,19247.071,140.575,6,2014,0,181
1534,2014-09-30,COP.xlsx,41,1825.461504,12264.999936,0.06396672710719697,0.14354950055033253,1.1699720247974161,13637.000192,15178.000384,13292.000256,2621.076992,3426.692352,2510.38464,9266.317,3196.323,19700.626,-198.734,9,2014,1,273
1535,2014-12-31,COP.xlsx,41,570.61536,10920.999936,0.056264813988319465,0.12691705109701984,1.5329308129865964,12264.999936,13637.000192,15178.000384,1825.461504,2621.076992,3426.692352,9383.585,3054.774,19272.857,697.511,12,2014,2,365
1536,2015-03-31,COP.xlsx,41,-203.0,7731.999744,0.035976043068693064,0.08124644344972932,1.7282157676348548,10920.999936,12264.999936,13637.000192,570.61536,1825.461504,2621.076992,9658.484,3375.333,19260.905,858.02,3,2015,1,90
1537,2015-06-30,COP.xlsx,41,265.84616,8248.999936,0.018972314345186234,0.04265069551086478,0.9276079856213196,7731.999744,10920.999936,12264.999936,-203.0,570.61536,1825.461504,9445.372,3355.065,20118.767,-56.295,6,2015,1,181
1538,2015-09-30,COP.xlsx,41,-645.0,7173.000192,0.0008180142275428633,0.001849544000184782,1.3370234489544897,8248.999936,7731.999744,10920.999936,265.84616,-203.0,570.61536,9400.599,3488.516,19469.679,264.394,9,2015,2,273
1539,2015-12-31,COP.xlsx,41,-1248.999936,6178.999808,-0.013891030365935598,-0.032430487032190584,1.8861430332861027,7173.000192,8248.999936,7731.999744,-645.0,265.84616,-203.0,9201.996,3344.774,19062.961,1020.325,12,2015,3,365
1540,2016-03-31,COP.xlsx,41,-1334.0,5123.999744,-0.021978215780369032,-0.05257177429962011,1.99452347864184,6178.999808,7173.000192,8248.999936,-1248.999936,-645.0,265.84616,8873.962,3570.4,19346.261,355.095,3,2016,3,91
1541,2016-06-30,COP.xlsx,41,-1110.0,5511.000064,-0.03148076506925876,-0.07601542735969381,0.9294502678549489,5123.999744,6178.999808,7173.000192,-1334.0,-1248.999936,-645.0,8662.136,3603.839,19753.69,571.888,6,2016,3,182
1542,2016-09-30,COP.xlsx,41,-783.0,6403.999744,-0.036467982465381514,-0.09084465718765573,0.5578562728380024,5511.000064,5123.999744,6178.999808,-1110.0,-1334.0,-1248.999936,8803.808,3544.323,19684.138,23.902,9,2016,4,274
1543,2016-12-31,COP.xlsx,41,-612.0,6654.000128,-0.036474666225515893,-0.09138969128666238,0.6894410242403213,6403.999744,5511.000064,5123.999744,-783.0,-1110.0,-1334.0,8874.755,3395.032,19289.554,778.953,12,2016,5,366
1544,2017-03-31,COP.xlsx,41,295.0,7466.999808,-0.023768514529679843,-0.05996471727747344,0.4248021347294078,6654.000128,6403.999744,5511.000064,-612.0,-783.0,-1110.0,9101.383,3682.233,19621.157,-95.43,3,2017,4,90
1545,2017-06-30,COP.xlsx,41,546.0,6728.999936,-0.013282928704756343,-0.034085212625371494,0.46982955777563723,7466.999808,6654.000128,6403.999744,295.0,-612.0,-783.0,9246.986,3822.097,20125.278,-374.882,6,2017,4,181
1546,2017-09-30,COP.xlsx,41,542.0,6671.000064,-0.0016914481664149262,-0.004291285427489358,0.5060464815004885,6728.999936,7466.999808,6654.000128,546.0,295.0,-612.0,9668.587,4019.742,19970.876,-1161.213,9,2017,5,273
1547,2017-12-31,COP.xlsx,41,488.076928,8239.000064,0.00918753924410678,0.022854179367580524,0.7152027169534955,6671.000064,6728.999936,7466.999808,542.0,546.0,295.0,10001.026,3852.968,20564.365,-405.156,12,2017,6,365
1548,2018-03-31,COP.xlsx,41,1971.000064,8755.00032,0.025296407383828334,0.06091958638117799,0.4537392949928127,8239.000064,6671.000064,6728.999936,488.076928,542.0,546.0,10499.861,4285.767,20038.353,118.572,3,2018,5,90
1549,2018-06-30,COP.xlsx,41,1976.0,8504.0,0.04346359033523811,0.10413742603704672,0.5855301666819387,8755.00032,8239.000064,6671.000064,1971.000064,488.076928,542.0,10897.23,4451.677,20671.374,185.729,6,2018,5,181
1550,2018-09-30,COP.xlsx,41,2263.000064,9448.999936,0.06332987115332972,0.14746581397719175,0.4256055606171828,8504.0,8755.00032,8239.000064,1976.0,1971.000064,488.076928,11508.62,4587.677,20785.793,-520.494,9,2018,6,273
1551,2018-12-31,COP.xlsx,41,2047.000064,9665.999872,0.07433746535707741,0.17036549674403664,0.4419239977362296,9448.999936,8504.0,8755.00032,2263.000064,1976.0,1971.000064,11868.52,4554.065,20614.981,246.004,12,2018,0,365
1552,2019-03-31,COP.xlsx,41,1800.999936,9150.000128,0.07600028187449781,0.17047771191981956,0.4783751825739265,9665.999872,9448.999936,8504.0,2047.000064,2263.000064,1976.0,12148.594,4790.233,20332.6,596.143,3,2019,6,90
1553,2019-06-30,COP.xlsx,41,1906.0,7952.999936,0.07413239745523695,0.1623471547849655,0.4958416702799349,9150.000128,9665.999872,9448.999936,1800.999936,2047.000064,2263.000064,11902.106,4707.323,20734.572,158.326,6,2019,6,181
1554,2019-09-30,COP.xlsx,41,1528.999936,7756.000256,0.06443859184100162,0.13531566972464631,0.5244208300331454,7952.999936,9150.000128,9665.999872,1906.0,1800.999936,2047.000064,12809.474,5022.258,20713.986,-531.711,9,2019,0,273
1555,2019-12-31,COP.xlsx,41,1708.0,7708.000256,0.05745441248721731,0.12062163316211326,0.48746945721271395,7756.000256,7952.999936,9150.000128,1528.999936,1906.0,1800.999936,12852.266,5205.774,19933.39,581.083,12,2019,1,365
1556,2020-03-31,COP.xlsx,41,694.0,6158.000128,0.04999597355610755,0.10636706123391725,0.7833729150289152,7708.000256,7756.000256,7952.999936,1708.0,1528.999936,1906.0,11913.743,4934.267,14548.505,2657.878,3,2020,1,91
1557,2020-06-30,COP.xlsx,41,-1188.0,2748.999936,0.01900124279516713,0.039584916663818207,-29.2,6158.000128,7708.000256,7756.000256,694.0,1708.0,1528.999936,11005.949,5367.581,18381.073,-116.069,6,2020,1,182
1562,2012-03-31,PDCE.xlsx,42,20.186,89.432,0.009012849286028723,0.020389092429228976,1.7838166666666666,103.383,95.87,88.217,16.213,18.658,1.799,6320.018,2378.833,18162.625,73.839,3,2012,5,91
1563,2012-06-30,PDCE.xlsx,42,-1.175,61.011,0.00254453875435899,0.005716972808471879,1.3872809785712137,89.432,103.383,95.87,20.186,16.213,18.658,6431.241,2326.581,18540.192,60.797,6,2012,5,182
1564,2012-09-30,PDCE.xlsx,42,11.996,77.758,-0.0011112438770780261,-0.002610107190499713,2.3969064052699025,61.011,89.432,103.383,-1.175,20.186,16.213,6969.575,2506.774,18707.948,-311.896,9,2012,6,274
1565,2012-12-31,PDCE.xlsx,42,8.599,93.302,0.0028473527896847963,0.007340416471614593,7.9142061436808735,77.758,61.011,89.432,11.996,-1.175,20.186,7083.902,2378.742,18735.783,98.436,12,2012,0,366
1566,2013-03-31,PDCE.xlsx,42,27.16,102.655,-0.003041391735791652,-0.007557286169576764,0.9464326180556766,93.302,77.758,61.011,8.599,11.996,-1.175,7374.717,2513.2,18594.266,468.871,3,2013,6,90
1567,2013-06-30,PDCE.xlsx,42,20.051,100.484,0.0010963457155414547,0.0025579002605430534,1.621470815656935,102.655,93.302,77.758,27.16,8.599,11.996,7522.913,2618.387,19259.928,-35.322,6,2013,6,181
1568,2013-09-30,PDCE.xlsx,42,14.708,93.902,0.005587381038440642,0.012377212532293354,2.5589977620781954,100.484,102.655,93.302,20.051,27.16,8.599,7761.289,2766.452,19322.771,-766.779,9,2013,0,273
1569,2013-12-31,PDCE.xlsx,42,41.714,145.764,0.018395474262969665,0.04241163832226321,1.8032906320199136,93.902,100.484,102.655,14.708,20.051,27.16,8078.372,2695.484,19102.562,-437.69,12,2013,1,365
1570,2014-03-31,PDCE.xlsx,42,28.854,140.328,0.01824607403726938,0.042956264619094124,1.7982859337951866,145.764,93.902,100.484,41.714,14.708,20.051,8527.393,2950.2,18834.401,930.656,3,2014,0,90
1571,2014-06-30,PDCE.xlsx,42,28.539,144.132992,0.008073168475894128,0.018695181527440163,1.9188886998371453,140.328,145.764,93.902,28.854,41.714,14.708,8847.519,3114.806,19247.071,140.575,6,2014,0,181
1572,2014-09-30,PDCE.xlsx,42,8.467,129.884,0.017305712987221302,0.03712099777585105,2.651369059247533,144.132992,140.328,145.764,28.539,28.854,41.714,9266.317,3196.323,19700.626,-198.734,9,2014,1,273
1573,2014-12-31,PDCE.xlsx,42,-1.055,110.048,0.01221558711655553,0.025335815195249738,3.6422081609475137,129.884,144.132992,140.328,8.467,28.539,28.854,9383.585,3054.774,19272.857,697.511,12,2014,2,365
1574,2015-03-31,PDCE.xlsx,42,24.61,128.382,0.0016133778251387464,0.0031321965058992303,2.189618401094119,110.048,129.884,144.132992,-1.055,8.467,28.539,9658.484,3375.333,19260.905,858.02,3,2015,1,90
1575,2015-06-30,PDCE.xlsx,42,29.102,144.05,0.0011162467922051532,0.00221190893683215,1.8347713894040802,128.382,110.048,129.884,24.61,-1.055,8.467,9445.372,3355.065,20118.767,-56.295,6,2015,1,181
1576,2015-09-30,PDCE.xlsx,42,45.958,175.544,0.014544092733497698,0.028828768338115915,1.0314881210354203,144.05,128.382,110.048,29.102,24.61,-1.055,9400.599,3488.516,19469.679,264.394,9,2015,2,273
1577,2015-12-31,PDCE.xlsx,42,31.11,183.134,0.0249089869528947,0.04840040980699147,0.9069532138515236,175.544,144.05,128.382,45.958,29.102,24.61,9201.996,3344.774,19062.961,1020.325,12,2015,3,365
1578,2016-03-31,PDCE.xlsx,42,-1.641,146.606,0.021129114350718098,0.036508140420323354,1.2821184997963382,183.134,175.544,144.05,31.11,45.958,29.102,8873.962,3570.4,19346.261,355.095,3,2016,3,91
1579,2016-06-30,PDCE.xlsx,42,7.249,166.198,0.016230053897775935,0.02761080013074795,0.9884914626782072,146.606,183.134,175.544,-1.641,31.11,45.958,8662.136,3603.839,19753.69,571.888,6,2016,3,182
1580,2016-09-30,PDCE.xlsx,42,13.757,192.220992,0.0028957804969925857,0.005108800477274642,1.7209356193363012,166.198,146.606,183.134,7.249,-1.641,31.11,8803.808,3544.323,19684.138,23.902,9,2016,4,274
1581,2016-12-31,PDCE.xlsx,42,36.991,211.73,-0.00044294478640994126,-0.0007767361005824195,7.766076287572508,192.220992,166.198,146.606,13.757,7.249,-1.641,8874.755,3395.032,19289.554,778.953,12,2016,5,366
1582,2017-03-31,PDCE.xlsx,42,13.583,193.554,0.0008369947688111115,0.0014208050586647252,1.0127503071627921,211.73,192.220992,166.198,36.991,13.757,7.249,9101.383,3682.233,19621.157,-95.43,3,2017,4,90
1583,2017-06-30,PDCE.xlsx,42,65.753,229.240992,0.010175363391278757,0.017033312283260577,1.078747056308209,193.554,211.73,192.220992,13.583,36.991,13.757,9246.986,3822.097,20125.278,-374.882,6,2017,4,181
1584,2017-09-30,PDCE.xlsx,42,-6.529,244.998,0.006727393228760171,0.011776610362711151,1.8173770143797017,229.240992,193.554,211.73,65.753,13.583,36.991,9668.587,4019.742,19970.876,-1161.213,9,2017,5,273
1585,2017-12-31,PDCE.xlsx,42,66.443,271.083008,0.010718607157097701,0.01860719401948617,1.2051783264746228,244.998,229.240992,193.554,-6.529,65.753,13.583,10001.026,3852.968,20564.365,-405.156,12,2017,6,365
1586,2018-03-31,PDCE.xlsx,42,55.498,281.801984,0.017689086837576976,0.031196578498475014,2.0780970562742063,271.083008,244.998,229.240992,66.443,-6.529,65.753,10499.861,4285.767,20038.353,118.572,3,2018,5,90
1587,2018-06-30,PDCE.xlsx,42,70.682,312.248992,0.0201841950089142,0.03633368887285341,1.1503736779347182,281.801984,271.083008,244.998,55.498,66.443,-6.529,10897.23,4451.677,20671.374,185.729,6,2018,5,181
1588,2018-09-30,PDCE.xlsx,42,60.028,327.015008,0.03166766170610358,0.05915723056821068,1.2271786017112463,312.248992,281.801984,271.083008,70.682,55.498,66.443,11508.62,4587.677,20785.793,-520.494,9,2018,6,273
1589,2018-12-31,PDCE.xlsx,42,89.554,366.817984,0.037072283616229204,0.06601355147794306,1.1135194932719734,327.015008,312.248992,281.801984,60.028,70.682,55.498,11868.52,4554.065,20614.981,246.004,12,2018,0,365
1590,2019-03-31,PDCE.xlsx,42,48.508,316.121984,0.03513302503597941,0.06505263126318765,1.2272230049980624,366.817984,327.015008,312.248992,89.554,60.028,70.682,12148.594,4790.233,20332.6,596.143,3,2019,6,90
1591,2019-06-30,PDCE.xlsx,42,44.568,330.116,0.030309578465153177,0.05804749912279873,1.3317355838494713,316.121984,366.817984,327.015008,48.508,89.554,60.028,11902.106,4707.323,20734.572,158.326,6,2019,6,181
1592,2019-09-30,PDCE.xlsx,42,35.398,312.920992,0.02452713864611404,0.04791101672236117,1.2055776892430277,330.116,316.121984,366.817984,44.568,48.508,89.554,12809.474,5022.258,20713.986,-531.711,9,2019,0,273
1593,2019-12-31,PDCE.xlsx,42,76.147,342.209984,0.020340949080770443,0.0376212477255119,0.35454339570049825,312.920992,330.116,316.121984,35.398,44.568,48.508,12852.266,5205.774,19933.39,581.083,12,2019,1,365
1594,2020-03-31,PDCE.xlsx,42,43.433,368.155008,0.0007276350386062008,0.0014420533618585735,1.4947103505303954,342.209984,312.920992,330.116,76.147,35.398,44.568,11913.743,4934.267,14548.505,2657.878,3,2020,1,91
1595,2020-06-30,PDCE.xlsx,42,39.462,289.996992,-0.0002378672219499376,-0.0004785833247383975,1.0406478925562614,368.155008,342.209984,312.920992,43.433,76.147,35.398,11005.949,5367.581,18381.073,-116.069,6,2020,1,182
1600,2012-03-31,WTI.xlsx,43,24.213,235.886,0.11447805139521626,0.3805042657189099,0.7553059341283362,261.899008,245.371008,252.922,81.136,96.133,115.643,6320.018,2378.833,18162.625,73.839,3,2012,5,91
1601,2012-06-30,WTI.xlsx,43,99.1,215.512992,0.08307274993059742,0.27604083520066813,0.5556930866432017,235.886,261.899008,245.371008,24.213,81.136,96.133,6431.241,2326.581,18540.192,60.797,6,2012,5,182
1602,2012-09-30,WTI.xlsx,43,8.26,185.946,0.05896584008451324,0.19332361300764123,1.7422014418702316,215.512992,235.886,261.899008,99.1,24.213,81.136,6969.575,2506.774,18707.948,-311.896,9,2012,6,274
1603,2012-12-31,WTI.xlsx,43,47.987,237.146,0.03923000444549822,0.15239882922594442,2.301638013544094,185.946,215.512992,235.886,8.26,99.1,24.213,7083.902,2378.742,18735.783,98.436,12,2012,0,366
1604,2013-03-31,WTI.xlsx,43,60.321,259.222,0.035776465909571446,0.1330608438083365,0.8081895023169754,237.146,185.946,215.512992,47.987,8.26,99.1,7374.717,2513.2,18594.266,468.871,3,2013,6,90
1605,2013-06-30,WTI.xlsx,43,53.823,235.383008,0.033958607197602485,0.12287528712060737,1.0633367595206809,259.222,237.146,185.946,60.321,47.987,8.26,7522.913,2618.387,19259.928,-35.322,6,2013,6,181
1606,2013-09-30,WTI.xlsx,43,22.9,244.555008,0.03400715620253258,0.12374291981828454,0.9778108371902647,235.383008,259.222,237.146,53.823,60.321,47.987,7761.289,2766.452,19322.771,-766.779,9,2013,0,273
1607,2013-12-31,WTI.xlsx,43,0.625,244.928,0.01871287074170957,0.08344366333752941,1.5181874841428304,244.555008,235.383008,259.222,22.9,53.823,60.321,8078.372,2695.484,19102.562,-437.69,12,2013,1,365
1608,2014-03-31,WTI.xlsx,43,44.717,254.516,0.014605301897093994,0.06283057566149974,0.5673449198100298,244.928,244.555008,235.383008,0.625,22.9,53.823,8527.393,2950.2,18834.401,930.656,3,2014,0,90
1609,2014-06-30,WTI.xlsx,43,37.944,262.994,0.015511532742598642,0.06721852165023418,1.0376158863882536,254.516,244.928,244.555008,44.717,0.625,22.9,8847.519,3114.806,19247.071,140.575,6,2014,0,181
1610,2014-09-30,WTI.xlsx,43,7.202,234.520992,0.005810008545397607,0.025288087915592016,1.3975625707866945,262.994,254.516,244.928,37.944,44.717,0.625,9266.317,3196.323,19700.626,-198.734,9,2014,1,273
1611,2014-12-31,WTI.xlsx,43,-41.298,196.676992,-0.004065186155553692,-0.02063399284059882,1.9232178232188504,234.520992,262.994,254.516,7.202,37.944,44.717,9383.585,3054.774,19272.857,697.511,12,2014,2,365
1612,2015-03-31,WTI.xlsx,43,-77.118,127.907,-0.048067523679522564,-0.2893043775331662,1.716498790047364,196.676992,234.520992,262.994,-41.298,7.202,37.944,9658.484,3375.333,19260.905,858.02,3,2015,1,90
1613,2015-06-30,WTI.xlsx,43,-24.956,149.066,-0.07680289562585543,0.0,0.8765851044829435,127.907,196.676992,234.520992,-77.118,-41.298,7.202,9445.372,3355.065,20118.767,-56.295,6,2015,1,181
1614,2015-09-30,WTI.xlsx,43,-37.116,126.228,-0.11653185082949184,0.0,0.7023898493680767,149.066,127.907,196.676992,-24.956,-77.118,-41.298,9400.599,3488.516,19469.679,264.394,9,2015,2,273
1615,2015-12-31,WTI.xlsx,43,-32.65,104.064,-0.11457615134905211,0.0,1.0612192840744834,126.228,149.066,127.907,-37.116,-24.956,-77.118,9201.996,3344.774,19062.961,1020.325,12,2015,3,365
1616,2016-03-31,WTI.xlsx,43,-48.443,77.715,-0.11554525577702912,0.0,0.843884892086331,104.064,126.228,149.066,-32.65,-37.116,-24.956,8873.962,3570.4,19346.261,355.095,3,2016,3,91
1617,2016-06-30,WTI.xlsx,43,-17.463,99.655,-0.13185069035572064,0.0,0.12188358730951784,77.715,104.064,126.228,-48.443,-32.65,-37.116,8662.136,3603.839,19753.69,571.888,6,2016,3,182
1618,2016-09-30,WTI.xlsx,43,0.048,107.403,-0.12232505312443614,0.0,0.12369054085512532,99.655,77.715,104.064,-17.463,-48.443,-32.65,8803.808,3544.323,19684.138,23.902,9,2016,4,274
1619,2016-12-31,WTI.xlsx,43,10.356,115.213,-0.11748312560755303,0.0,0.4984666626048458,107.403,99.655,77.715,0.048,-17.463,-48.443,8874.755,3395.032,19289.554,778.953,12,2016,5,366
1620,2017-03-31,WTI.xlsx,43,24.954,124.393,-0.03199485289654992,0.0,0.372490145355999,115.213,107.403,99.655,10.356,0.048,-17.463,9101.383,3682.233,19621.157,-95.43,3,2017,4,90
1621,2017-06-30,WTI.xlsx,43,35.664,123.323,0.03127970867320816,0.0,0.2691376861156416,124.393,115.213,107.403,24.954,10.356,0.048,9246.986,3822.097,20125.278,-374.882,6,2017,4,181
1622,2017-09-30,WTI.xlsx,43,18.579,110.281,0.06723104150774899,0.0,0.6417520156896929,123.323,124.393,115.213,35.664,24.954,10.356,9668.587,4019.742,19970.876,-1161.213,9,2017,5,273
1623,2017-12-31,WTI.xlsx,43,33.732,129.099,0.20989151129692032,0.0,0.7025947003624037,110.281,123.323,124.393,18.579,35.664,24.954,10001.026,3852.968,20564.365,-405.156,12,2017,6,365
1624,2018-03-31,WTI.xlsx,43,38.739,134.213,0.21152943923609047,0.0,0.27488935173132,129.099,110.281,123.323,33.732,18.579,35.664,10499.861,4285.767,20038.353,118.572,3,2018,5,90
1625,2018-06-30,WTI.xlsx,43,54.116,148.463008,0.22311860263334823,0.0,0.2908504042695983,134.213,129.099,110.281,38.739,33.732,18.579,10897.23,4451.677,20671.374,185.729,6,2018,5,181
1626,2018-09-30,WTI.xlsx,43,57.147,153.747008,0.2448289007151511,0.0,0.29243699264737133,148.463008,134.213,129.099,54.116,38.739,33.732,11508.62,4587.677,20785.793,-520.494,9,2018,6,273
1627,2018-12-31,WTI.xlsx,43,42.782,147.82,0.16474113600084592,0.0,0.6042734713281682,153.747008,148.463008,134.213,57.147,54.116,38.739,11868.52,4554.065,20614.981,246.004,12,2018,0,365
1628,2019-03-31,WTI.xlsx,43,19.483,117.653,0.12304944834461788,0.0,0.5853861980759606,147.82,153.747008,148.463008,42.782,57.147,54.116,12148.594,4790.233,20332.6,596.143,3,2019,6,90
1629,2019-06-30,WTI.xlsx,43,33.54,132.667,0.11111357241065165,0.0,0.43715120546162056,117.653,147.82,153.747008,19.483,42.782,57.147,11902.106,4707.323,20734.572,158.326,6,2019,6,181
1630,2019-09-30,WTI.xlsx,43,29.729,132.404,0.120997856827686,0.0,0.4381839180020211,132.667,117.653,147.82,33.54,19.483,42.782,12809.474,5022.258,20713.986,-531.711,9,2019,0,273
1631,2019-12-31,WTI.xlsx,43,35.715,151.287008,0.1309977427431992,0.0,0.7056681848105006,132.404,132.667,117.653,29.729,33.54,19.483,12852.266,5205.774,19933.39,581.083,12,2019,1,365
1632,2020-03-31,WTI.xlsx,43,19.291,133.52,0.14164956334355236,0.0,0.6014747072520501,151.287008,132.404,132.667,35.715,29.729,33.54,11913.743,4934.267,14548.505,2657.878,3,2020,1,91
1633,2020-06-30,WTI.xlsx,43,9.951,77.819,0.10446806180652636,0.0,0.12243241872495818,133.52,151.287008,132.404,19.291,35.715,29.729,11005.949,5367.581,18381.073,-116.069,6,2020,1,182
1638,2012-03-31,OAS.xlsx,44,57.227,137.275008,0.06309348549392646,0.1537768227189388,2.808933318073518,117.866,87.417,63.066,55.83,40.49,29.81,6320.018,2378.833,18162.625,73.839,3,2012,5,91
1639,2012-06-30,OAS.xlsx,44,61.214,147.89,0.0666392709874794,0.16381813608196005,1.6201352594686371,137.275008,117.866,87.417,57.227,55.83,40.49,6431.241,2326.581,18540.192,60.797,6,2012,5,182
1640,2012-09-30,OAS.xlsx,44,77.323,189.96,0.06322900712100213,0.1717789650890662,2.493537165122569,147.89,137.275008,117.866,61.214,57.227,55.83,6969.575,2506.774,18707.948,-311.896,9,2012,6,274
1641,2012-12-31,OAS.xlsx,44,91.355,218.088,0.06473571198978352,0.1927779980995477,1.7538364207341104,189.96,147.89,137.275008,77.323,61.214,57.227,7083.902,2378.742,18735.783,98.436,12,2012,0,366
1642,2013-03-31,OAS.xlsx,44,120.137,249.99,0.0774012548518787,0.23011626379300418,1.1678129593665167,218.088,189.96,147.89,91.355,77.323,61.214,7374.717,2513.2,18594.266,468.871,3,2013,6,90
1643,2013-06-30,OAS.xlsx,44,114.904,255.828,0.08520763604194992,0.24779965153161798,1.1646944863341664,249.99,218.088,189.96,120.137,91.355,77.323,7522.913,2618.387,19259.928,-35.322,6,2013,6,181
1644,2013-09-30,OAS.xlsx,44,142.851008,297.431008,0.07406796965961937,0.28165413655791016,1.6603657439596347,255.828,249.99,218.088,114.904,120.137,91.355,7761.289,2766.452,19322.771,-766.779,9,2013,0,273
1645,2013-12-31,OAS.xlsx,44,119.541,330.616992,0.06807682126637,0.22995693089044303,7.546339839644224,297.431008,255.828,249.99,142.851008,114.904,120.137,8078.372,2695.484,19102.562,-437.69,12,2013,1,365
1646,2014-03-31,OAS.xlsx,44,144.21,347.28,0.06585028036342712,0.2067660552379479,1.192851292243144,330.616992,297.431008,255.828,119.541,142.851008,114.904,8527.393,2950.2,18834.401,930.656,3,2014,0,90
1647,2014-06-30,OAS.xlsx,44,151.542,360.972992,0.06587328754470487,0.2067826740005951,2.6287407502672635,347.28,330.616992,297.431008,144.21,119.541,142.851008,8847.519,3114.806,19247.071,140.575,6,2014,0,181
1648,2014-09-30,OAS.xlsx,44,135.499008,368.659008,0.05431331248373144,0.1943744983730079,0.2649512637816064,360.972992,347.28,330.616992,151.542,144.21,119.541,9266.317,3196.323,19700.626,-198.734,9,2014,1,273
1649,2014-12-31,OAS.xlsx,44,92.543,331.219008,0.03914476984127711,0.12908288497301215,1.9188515662280818,368.659008,360.972992,347.28,135.499008,151.542,144.21,9383.585,3054.774,19272.857,697.511,12,2014,2,365
1650,2015-03-31,OAS.xlsx,44,82.025,289.646016,0.037852554872675095,0.10544741619258853,1.7910603715232045,331.219008,368.659008,360.972992,92.543,135.499008,151.542,9658.484,3375.333,19260.905,858.02,3,2015,1,90
1651,2015-06-30,OAS.xlsx,44,123.182048,334.123008,0.034185944644093434,0.09631015587836075,0.9419015956630503,289.646016,331.219008,368.659008,82.025,92.543,135.499008,9445.372,3355.065,20118.767,-56.295,6,2015,1,181
1652,2015-09-30,OAS.xlsx,44,57.91,275.335008,0.021082382644476212,0.05894522788088009,0.8434245447138359,334.123008,289.646016,331.219008,123.182048,82.025,92.543,9400.599,3488.516,19469.679,264.394,9,2015,2,273
1653,2015-12-31,OAS.xlsx,44,47.172,261.040992,0.015794044101687256,0.043552060716744105,0.631523874105598,275.335008,334.123008,289.646016,57.91,123.182048,82.025,9201.996,3344.774,19062.961,1020.325,12,2015,3,365
1654,2016-03-31,OAS.xlsx,44,1.66,203.596,-0.002063648773068808,-0.004966751819818981,0.833227243793762,261.040992,275.335008,334.123008,47.172,57.91,123.182048,8873.962,3570.4,19346.261,355.095,3,2016,3,91
1655,2016-06-30,OAS.xlsx,44,3.597,209.556992,-0.015372694696269512,-0.03719275966586201,1.0170916445255187,203.596,261.040992,275.335008,1.66,47.172,57.91,8662.136,3603.839,19753.69,571.888,6,2016,3,182
1656,2016-09-30,OAS.xlsx,44,-13.54,189.096992,-0.02291103542334982,-0.05425775515205292,1.1073591577920494,209.556992,203.596,261.040992,3.597,1.66,47.172,8803.808,3544.323,19684.138,23.902,9,2016,4,274
1657,2016-12-31,OAS.xlsx,44,5.414,224.392,-0.01690827616443674,-0.0381480703339702,6.94501028351754,189.096992,209.556992,203.596,-13.54,3.597,1.66,8874.755,3395.032,19289.554,778.953,12,2016,5,366
1658,2017-03-31,OAS.xlsx,44,14.814,277.156,-0.014432084217448984,-0.03141495085410393,0.6788733389878429,224.392,189.096992,209.556992,5.414,-13.54,3.597,9101.383,3682.233,19621.157,-95.43,3,2017,4,90
1659,2017-06-30,OAS.xlsx,44,7.64,253.152,-0.013338992171940461,-0.02923017636179895,1.1766555581467075,277.156,224.392,189.096992,14.814,5.414,-13.54,9246.986,3822.097,20125.278,-374.882,6,2017,4,181
1660,2017-09-30,OAS.xlsx,44,40.628,312.843008,-0.008370533072703992,-0.01851420875298298,1.1056634619228167,253.152,277.156,224.392,7.64,14.814,5.414,9668.587,4019.742,19970.876,-1161.213,9,2017,5,273
1661,2017-12-31,OAS.xlsx,44,77.735,397.008992,-0.000815935824971225,-0.0016572695515116415,1.1856917598765262,312.843008,253.152,277.156,40.628,7.64,14.814,10001.026,3852.968,20564.365,-405.156,12,2017,6,365
1662,2018-03-31,OAS.xlsx,44,76.104,436.838016,0.005215002237965838,0.010760354514230071,1.130758928894708,397.008992,312.843008,253.152,77.735,40.628,7.64,10499.861,4285.767,20038.353,118.572,3,2018,5,90
1663,2018-06-30,OAS.xlsx,44,79.658,513.902016,-0.005295511920241714,-0.011333736694879007,1.2096360299792477,436.838016,397.008992,312.843008,76.104,77.735,40.628,10897.23,4451.677,20671.374,185.729,6,2018,5,181
1664,2018-09-30,OAS.xlsx,44,76.986,481.257984,0.014643952339180736,0.03135731214165268,1.2786431637287996,513.902016,436.838016,397.008992,79.658,76.104,77.735,11508.62,4587.677,20785.793,-520.494,9,2018,6,273
1665,2018-12-31,OAS.xlsx,44,28.377,548.24,0.0036772057175295976,0.007365136697742526,4.473965743711466,481.257984,513.902016,436.838016,76.986,79.658,76.104,11868.52,4554.065,20614.981,246.004,12,2018,0,365
1666,2019-03-31,OAS.xlsx,44,67.441,589.177984,-0.011878826662952487,-0.024625432300892435,0.8828703694890281,548.24,481.257984,513.902016,28.377,76.986,79.658,12148.594,4790.233,20332.6,596.143,3,2019,6,90
1667,2019-06-30,OAS.xlsx,44,62.055,519.588,0.010700939373699725,0.022830783263921194,1.169938881939142,589.177984,548.24,481.257984,67.441,28.377,76.986,11902.106,4707.323,20734.572,158.326,6,2019,6,181
1668,2019-09-30,OAS.xlsx,44,22.07,475.62,0.0033793107255702276,0.007068724105999544,0.7935204465967177,519.588,589.177984,548.24,62.055,67.441,28.377,12809.474,5022.258,20713.986,-531.711,9,2019,0,273
1669,2019-12-31,OAS.xlsx,44,42.805,492.209984,-0.006863497903376735,-0.014084540795935628,0.6904345232956909,475.62,519.588,589.177984,22.07,62.055,67.441,12852.266,5205.774,19933.39,581.083,12,2019,1,365
1670,2020-03-31,OAS.xlsx,44,-71.204,392.817984,-0.07305219850086783,0.0,1.1135411426545254,492.209984,475.62,519.588,42.805,22.07,62.055,11913.743,4934.267,14548.505,2657.878,3,2020,1,91
1671,2020-06-30,OAS.xlsx,44,131.191,305.400992,-0.07010125965847047,0.0,0.7465996797292948,392.817984,492.209984,475.62,-71.204,42.805,22.07,11005.949,5367.581,18381.073,-116.069,6,2020,1,182
1676,2012-03-31,EGY.xlsx,45,30.106,45.286,0.11892858473345007,0.15784954395354006,0.305875986214361,67.767,37.35,58.547,43.863,19.819,42.512,6320.018,2378.833,18162.625,73.839,3,2012,5,91
1677,2012-06-30,EGY.xlsx,45,38.632,58.818,0.11139724491550912,0.1435386935100238,0.3623771519029088,45.286,67.767,37.35,30.106,43.863,19.819,6431.241,2326.581,18540.192,60.797,6,2012,5,182
1678,2012-09-30,EGY.xlsx,45,23.214,37.63,0.11890589822791878,0.1537571780483975,0.5800890471950134,58.818,45.286,67.767,38.632,30.106,43.863,6969.575,2506.774,18707.948,-311.896,9,2012,6,274
1679,2012-12-31,EGY.xlsx,45,2.261,53.553,0.02056831734190861,0.025287048759769885,5.203883495145631,37.63,58.818,45.286,23.214,38.632,30.106,7083.902,2378.742,18735.783,98.436,12,2012,0,366
1680,2013-03-31,EGY.xlsx,45,21.503,44.137,0.03070943528723829,0.01626290954004801,0.7311074853754626,53.553,37.63,58.818,2.261,23.214,38.632,7374.717,2513.2,18594.266,468.871,3,2013,6,90
1681,2013-06-30,EGY.xlsx,45,11.666,29.118,0.019219380738180136,0.0018732736599447572,1.487779028946148,44.137,53.553,37.63,21.503,2.261,23.214,7522.913,2618.387,19259.928,-35.322,6,2013,6,181
1682,2013-09-30,EGY.xlsx,45,8.104,37.74,0.009603195808536623,-0.009336663897546055,1.2692818046110466,29.118,44.137,53.553,11.666,21.503,2.261,7761.289,2766.452,19322.771,-766.779,9,2013,0,273
1683,2013-12-31,EGY.xlsx,45,35.952,58.282,0.14952362395497318,0.1858959493345148,0.25653212323859564,37.74,29.118,44.137,8.104,11.666,21.503,8078.372,2695.484,19102.562,-437.69,12,2013,1,365
1684,2014-03-31,EGY.xlsx,45,-0.65,28.071,0.1013510455588059,0.12366802217611236,7.051566951566953,58.282,37.74,29.118,35.952,8.104,11.666,8527.393,2950.2,18834.401,930.656,3,2014,0,90
1685,2014-06-30,EGY.xlsx,45,33.828,52.098,0.15311438652026246,0.18608406782649464,0.6501482007691742,28.071,58.282,37.74,-0.65,35.952,8.104,8847.519,3114.806,19247.071,140.575,6,2014,0,181
1686,2014-09-30,EGY.xlsx,45,6.687,24.486,0.14818446100248037,0.1886486718021454,1.5317055393586005,52.098,28.071,58.282,33.828,-0.65,35.952,9266.317,3196.323,19700.626,-198.734,9,2014,1,273
1687,2014-12-31,EGY.xlsx,45,4.071,23.037,0.074651356513996,0.09640257902470543,2.7631125903821876,24.486,52.098,28.071,6.687,33.828,-0.65,9383.585,3054.774,19272.857,697.511,12,2014,2,365
1688,2015-03-31,EGY.xlsx,45,-29.879,18.239,-0.028513209683825244,-0.039428389859486525,-1.1723187437353826,23.037,24.486,52.098,4.071,6.687,33.828,9658.484,3375.333,19260.905,858.02,3,2015,1,90
1689,2015-06-30,EGY.xlsx,45,4.791,27.137,-0.1188806199041864,-0.16474974347725416,0.931582682753726,18.239,23.037,24.486,-29.879,4.071,6.687,9445.372,3355.065,20118.767,-56.295,6,2015,1,181
1690,2015-09-30,EGY.xlsx,45,-14.133,17.546,-0.2110740396487184,-0.30652717136382657,-5.283452502553627,27.137,18.239,23.037,4.791,-29.879,4.071,9400.599,3488.516,19469.679,264.394,9,2015,2,273
1691,2015-12-31,EGY.xlsx,45,-16.729,17.523,-0.37389320208887067,-0.6748846464832308,-2.3173876871880204,17.546,27.137,18.239,-14.133,4.791,-29.879,9201.996,3344.774,19062.961,1020.325,12,2015,3,365
1692,2016-03-31,EGY.xlsx,45,-13.515,10.976,-0.34260690697414087,-0.7537406798549414,-0.1315066063669416,17.523,17.546,27.137,-16.729,-14.133,4.791,8873.962,3570.4,19346.261,355.095,3,2016,3,91
1693,2016-06-30,EGY.xlsx,45,4.615,18.847,-0.36762203648179964,-0.7564945641880374,1.3672411163641909,10.976,17.523,17.546,-13.515,-16.729,-14.133,8662.136,3603.839,19753.69,571.888,6,2016,3,182
1694,2016-09-30,EGY.xlsx,45,3.031,14.635,-0.21314653523233493,-0.5329268069533394,0.024179620034542316,18.847,10.976,17.523,4.615,-13.515,-16.729,8803.808,3544.323,19684.138,23.902,9,2016,4,274
1695,2016-12-31,EGY.xlsx,45,0.837,15.326,-0.16891994731450313,0.0,0.8178137651821863,14.635,18.847,10.976,3.031,4.615,-13.515,8874.755,3395.032,19289.554,778.953,12,2016,5,366
1696,2017-03-31,EGY.xlsx,45,8.211,21.266,0.02196637296821854,0.18861046841576812,0.0761904761904762,15.326,14.635,18.847,0.837,3.031,4.615,9101.383,3682.233,19621.157,-95.43,3,2017,4,90
1697,2017-06-30,EGY.xlsx,45,5.587,20.425,0.054438524590163934,0.3541863477068414,0.034934497816593885,21.266,15.326,14.635,8.211,0.837,3.031,9246.986,3822.097,20125.278,-374.882,6,2017,4,181
1698,2017-09-30,EGY.xlsx,45,3.721,18.178,0.06045289749704337,0.9422139403706689,0.04943737317838037,20.425,21.266,15.326,5.587,8.211,0.837,9668.587,4019.742,19970.876,-1161.213,9,2017,5,273
1699,2017-12-31,EGY.xlsx,45,2.495,17.156,0.1278685463542153,0.0,0.15030764723117493,18.178,20.425,21.266,3.721,5.587,8.211,10001.026,3852.968,20564.365,-405.156,12,2017,6,365
1700,2018-03-31,EGY.xlsx,45,13.014,27.645,0.15893461569734352,1.1809295300565312,0.029919366246993918,17.156,18.178,20.425,2.495,3.721,5.587,10499.861,4285.767,20038.353,118.572,3,2018,5,90
1701,2018-06-30,EGY.xlsx,45,5.409,24.426,0.1420639954519867,0.929983216579101,0.08581626319056487,27.645,17.156,18.178,13.014,2.495,3.721,10897.23,4451.677,20671.374,185.729,6,2018,5,181
1702,2018-09-30,EGY.xlsx,45,14.001,25.266,0.746001364476638,1.6810679344237554,0.8082083140572335,24.426,27.645,17.156,5.409,13.014,2.495,11508.62,4587.677,20785.793,-520.494,9,2018,6,273
1703,2018-12-31,EGY.xlsx,45,11.848,27.606,0.7540928906869422,1.5440522161910153,0.06513599434828683,25.266,24.426,27.645,14.001,5.409,13.014,11868.52,4554.065,20614.981,246.004,12,2018,0,365
1704,2019-03-31,EGY.xlsx,45,5.583,19.765,0.5723970104023017,1.241585110233022,0.07367928938756428,27.606,25.266,24.426,11.848,14.001,5.409,12148.594,4790.233,20332.6,596.143,3,2019,6,90
1705,2019-06-30,EGY.xlsx,45,6.37,25.23,0.5330677136082472,1.183719261136205,0.031110004977600796,19.765,27.606,25.266,5.583,11.848,14.001,11902.106,4707.323,20734.572,158.326,6,2019,6,181
1706,2019-09-30,EGY.xlsx,45,1.501,17.603,-0.010118891713010026,-0.017963400292568193,0.283397190293742,25.23,19.765,27.606,6.37,5.583,11.848,12809.474,5022.258,20713.986,-531.711,9,2019,0,273
1707,2019-12-31,EGY.xlsx,45,7.397,21.923,-0.0045958042412880115,-0.007909559228775615,0.5054052093158239,17.603,25.23,19.765,1.501,6.37,5.583,12852.266,5205.774,19933.39,581.083,12,2019,1,365
1708,2020-03-31,EGY.xlsx,45,3.942,18.389,-0.20673347884341098,-0.44311641991535,1.0663106364040944,21.923,17.603,25.23,7.397,1.501,6.37,11913.743,4934.267,14548.505,2657.878,3,2020,1,91
1709,2020-06-30,EGY.xlsx,45,-0.966,17.974,-0.1710518580366232,-0.34698317314663896,1.3155591572123178,18.389,21.923,17.603,3.942,7.397,1.501,11005.949,5367.581,18381.073,-116.069,6,2020,1,182
1714,2012-03-31,XEC.xlsx,46,169.276,423.036,0.09940176677958974,0.1721194470472781,1.4302910602586685,433.164992,435.556,467.248992,187.012992,198.05,240.862,6320.018,2378.833,18162.625,73.839,3,2012,5,91
1715,2012-06-30,XEC.xlsx,46,105.306,353.121984,0.07845721589592257,0.13816620128665624,1.6308213674317857,423.036,433.164992,435.556,169.276,187.012992,198.05,6431.241,2326.581,18540.192,60.797,6,2012,5,182
1716,2012-09-30,XEC.xlsx,46,135.363008,406.912,0.06727589935832431,0.1198538153132593,1.5394415792977376,353.121984,423.036,433.164992,105.306,169.276,187.012992,6969.575,2506.774,18707.948,-311.896,9,2012,6,274
1717,2012-12-31,XEC.xlsx,46,177.252992,440.868,0.06420681881768837,0.1133647728389398,1.575818259278751,406.912,353.121984,423.036,135.363008,105.306,169.276,7083.902,2378.742,18735.783,98.436,12,2012,0,366
1718,2013-03-31,XEC.xlsx,46,146.827008,427.081984,0.05809168758534617,0.10498270919799055,1.4480857556870281,440.868,406.912,353.121984,177.252992,135.363008,105.306,7374.717,2513.2,18594.266,468.871,3,2013,6,90
1719,2013-06-30,XEC.xlsx,46,187.227008,494.796,0.06365772694802928,0.1165287554729133,1.1603090437450876,427.081984,440.868,406.912,146.827008,177.252992,135.363008,7522.913,2618.387,19259.928,-35.322,6,2013,6,181
1720,2013-09-30,XEC.xlsx,46,229.324992,555.238976,0.06913287243019368,0.12720328060854724,1.021252685086497,494.796,427.081984,440.868,187.227008,146.827008,177.252992,7761.289,2766.452,19322.771,-766.779,9,2013,0,273
1721,2013-12-31,XEC.xlsx,46,324.08,516.846016,0.08252659856986676,0.14629525844130623,0.8513630033011252,555.238976,494.796,427.081984,229.324992,187.227008,146.827008,8078.372,2695.484,19102.562,-437.69,12,2013,1,365
1722,2014-03-31,XEC.xlsx,46,230.947008,594.428992,0.08659034090658954,0.15644102428121862,1.0864853082070034,516.846016,555.238976,494.796,324.08,229.324992,187.227008,8527.393,2950.2,18834.401,930.656,3,2014,0,90
1723,2014-06-30,XEC.xlsx,46,241.855008,635.651968,0.08483010083302472,0.158810002540676,1.7032852859458594,594.428992,516.846016,555.238976,230.947008,324.08,229.324992,8847.519,3114.806,19247.071,140.575,6,2014,0,181
1724,2014-09-30,XEC.xlsx,46,212.868384,649.529024,0.08116047314392452,0.15158707640467398,1.1939954016834027,635.651968,594.428992,516.846016,241.855008,230.947008,324.08,9266.317,3196.323,19700.626,-198.734,9,2014,1,273
1725,2014-12-31,XEC.xlsx,46,125.678,552.206976,0.06333315338148922,0.11628948559899366,1.4277432814315394,649.529024,635.651968,594.428992,212.868384,241.855008,230.947008,9383.585,3054.774,19272.857,697.511,12,2014,2,365
1726,2015-03-31,XEC.xlsx,46,-31.827,361.001984,0.04241111402434152,0.07792179482171034,2.108417727574645,552.206976,649.529024,635.651968,125.678,212.868384,241.855008,9658.484,3375.333,19260.905,858.02,3,2015,1,90
1727,2015-06-30,XEC.xlsx,46,33.902,424.283008,0.0241814899662659,0.044310896036987305,0.967461837290812,361.001984,552.206976,649.529024,-31.827,125.678,212.868384,9445.372,3355.065,20118.767,-56.295,6,2015,1,181
1728,2015-09-30,XEC.xlsx,46,-1.194,356.055008,0.0059709936988662825,0.010684745309995403,1.037070649223225,424.283008,361.001984,552.206976,33.902,-31.827,125.678,9400.599,3488.516,19469.679,264.394,9,2015,2,273
1729,2015-12-31,XEC.xlsx,46,-36.034,311.279008,-0.007842167665993102,-0.014991416018115966,1.7538772328884789,356.055008,424.283008,361.001984,-1.194,33.902,-31.827,9201.996,3344.774,19062.961,1020.325,12,2015,3,365
1730,2016-03-31,XEC.xlsx,46,-25.845,245.668,-0.06062273467801901,-0.11545842624444028,2.192119446639384,311.279008,356.055008,424.283008,-36.034,-1.194,33.902,8873.962,3570.4,19346.261,355.095,3,2016,3,91
1731,2016-06-30,XEC.xlsx,46,46.751,302.732,-0.06285165859823011,-0.11623562302569937,1.044585413371119,245.668,311.279008,356.055008,-25.845,-36.034,-1.194,8662.136,3603.839,19753.69,571.888,6,2016,3,182
1732,2016-09-30,XEC.xlsx,46,92.576,336.508,-0.05803414236056332,-0.10943304275051974,0.8994461884620794,302.732,245.668,311.279008,46.751,-25.845,-36.034,8803.808,3544.323,19684.138,23.902,9,2016,4,274
1733,2016-12-31,XEC.xlsx,46,140.048992,384.436,0.023876359365733055,0.0467646307551256,0.9200242936693173,336.508,302.732,245.668,92.576,46.751,-25.845,8874.755,3395.032,19289.554,778.953,12,2016,5,366
1734,2017-03-31,XEC.xlsx,46,171.558,441.116,0.05107549632593115,0.09745548121707405,1.1965374643757432,384.436,336.508,302.732,140.048992,92.576,46.751,9101.383,3682.233,19621.157,-95.43,3,2017,4,90
1735,2017-06-30,XEC.xlsx,46,174.304,456.795008,0.06980668013470705,0.13460863825414143,0.9904996115105881,441.116,384.436,336.508,171.558,140.048992,92.576,9246.986,3822.097,20125.278,-374.882,6,2017,4,181
1736,2017-09-30,XEC.xlsx,46,168.624992,466.656992,0.07966027561073724,0.15427006615658082,1.1861656768709254,456.795008,441.116,384.436,174.304,171.558,140.048992,9668.587,4019.742,19970.876,-1161.213,9,2017,5,273
1737,2017-12-31,XEC.xlsx,46,213.384992,552.049024,0.09408610841336217,0.1893521256578539,0.9700168440452902,466.656992,456.795008,441.116,168.624992,174.304,171.558,10001.026,3852.968,20564.365,-405.156,12,2017,6,365
1738,2018-03-31,XEC.xlsx,46,234.124992,554.745024,0.1059643379726442,0.20377784503506274,0.93331319076581,552.049024,466.656992,456.795008,213.384992,168.624992,174.304,10499.861,4285.767,20038.353,118.572,3,2018,5,90
1739,2018-06-30,XEC.xlsx,46,206.672,548.744,0.1114300189971663,0.21402501614650185,1.0349177913889642,554.745024,552.049024,466.656992,234.124992,213.384992,168.624992,10897.23,4451.677,20671.374,185.729,6,2018,5,181
1740,2018-09-30,XEC.xlsx,46,250.202,590.988992,0.12248098918500157,0.23646634739997535,1.3378115554509753,548.744,554.745024,552.049024,206.672,234.124992,213.384992,11508.62,4587.677,20785.793,-520.494,9,2018,6,273
1741,2018-12-31,XEC.xlsx,46,245.580992,620.110016,0.12722712877437098,0.23578042324992277,1.0420072322357523,590.988992,548.744,554.745024,250.202,206.672,234.124992,11868.52,4554.065,20614.981,246.004,12,2018,0,365
1742,2019-03-31,XEC.xlsx,46,162.78,567.905984,0.10109649883605643,0.19702744478956236,0.9925622016622383,620.110016,590.988992,548.744,245.580992,250.202,206.672,12148.594,4790.233,20332.6,596.143,3,2019,6,90
1743,2019-06-30,XEC.xlsx,46,114.526,552.700032,0.08820409482727519,0.16998481856802503,1.170701026023793,567.905984,620.110016,590.988992,162.78,245.580992,250.202,11902.106,4707.323,20734.572,158.326,6,2019,6,181
1744,2019-09-30,XEC.xlsx,46,135.642,584.001024,0.07223009413348043,0.1384803172059959,0.8341506521171677,552.700032,567.905984,620.110016,114.526,162.78,245.580992,12809.474,5022.258,20713.986,-531.711,9,2019,0,273
1745,2019-12-31,XEC.xlsx,46,162.468992,645.230976,0.06799062895221582,0.1280676674521222,0.6284900966399944,584.001024,552.700032,567.905984,135.642,114.526,162.78,12852.266,5205.774,19933.39,581.083,12,2019,1,365
1746,2020-03-31,XEC.xlsx,46,82.563,515.944,0.05179668531884442,0.10590536077183642,0.9583267528754138,645.230976,584.001024,552.700032,162.468992,135.642,114.526,11913.743,4934.267,14548.505,2657.878,3,2020,1,91
1747,2020-06-30,XEC.xlsx,46,-54.025,313.324,0.035522627805086054,0.07512423095960472,1.151111522547163,515.944,645.230976,584.001024,82.563,162.468992,135.642,11005.949,5367.581,18381.073,-116.069,6,2020,1,182
1752,2012-03-31,TPL.xlsx,47,8.773089,9.574882,0.8781247885065487,1.292063945901314,0.0028141169607035464,11.23435,8.555794,8.794596,10.004548,7.843529,8.00816,6320.018,2378.833,18162.625,73.839,3,2012,5,91
1753,2012-06-30,TPL.xlsx,47,7.951105,8.701734,0.928242431195765,1.2330044636493191,0.002627653062802316,9.574882,11.23435,8.555794,8.773089,10.004548,7.843529,6431.241,2326.581,18540.192,60.797,6,2012,5,182
1754,2012-09-30,TPL.xlsx,47,6.365183,7.038481,0.8790490699532987,1.1487570678955232,0.0,8.701734,9.574882,11.23435,7.951105,8.773089,10.004548,6969.575,2506.774,18707.948,-311.896,9,2012,6,274
1755,2012-12-31,TPL.xlsx,47,6.214074,7.272359,0.8082340761027225,1.0872153375587823,0.000772542868413413,7.038481,8.701734,9.574882,6.365183,7.951105,8.773089,7083.902,2378.742,18735.783,98.436,12,2012,0,366
1756,2013-03-31,TPL.xlsx,47,5.840639,6.723783,0.7060236642880432,1.0067112837115013,0.0,7.272359,7.038481,8.701734,6.214074,6.365183,7.951105,7374.717,2513.2,18594.266,468.871,3,2013,6,90
1757,2013-06-30,TPL.xlsx,47,9.046569,9.950824,0.8007466283858519,1.0477672165623375,0.0037819415137487983,6.723783,7.272359,7.038481,5.840639,6.214074,6.365183,7522.913,2618.387,19259.928,-35.322,6,2013,6,181
1758,2013-09-30,TPL.xlsx,47,14.101172,14.933866,0.9586625953335548,1.291950482788741,0.0,9.950824,6.723783,7.272359,9.046569,5.840639,6.214074,7761.289,2766.452,19322.771,-766.779,9,2013,0,273
1759,2013-12-31,TPL.xlsx,47,11.142193,12.500601,1.250166292254561,1.6237345011579287,0.0018283276019954134,14.933866,9.950824,6.723783,14.101172,9.046569,5.840639,8078.372,2695.484,19102.562,-437.69,12,2013,1,365
1760,2014-03-31,TPL.xlsx,47,10.636204,11.578609,1.203228303131547,1.6848563126502256,7.395324444723427e-05,12.500601,14.933866,9.950824,11.142193,14.101172,9.046569,8527.393,2950.2,18834.401,930.656,3,2014,0,90
1761,2014-06-30,TPL.xlsx,47,14.709532,15.579884,1.2942965608954111,1.6214687957777743,0.003299103719365866,11.578609,12.500601,14.933866,10.636204,11.142193,14.101172,8847.519,3114.806,19247.071,140.575,6,2014,0,181
1762,2014-09-30,TPL.xlsx,47,13.874798,14.752719,1.1833346313815796,1.4953242289388067,0.00018479223984980893,15.579884,11.578609,12.500601,14.709532,10.636204,11.142193,9266.317,3196.323,19700.626,-198.734,9,2014,1,273
1763,2014-12-31,TPL.xlsx,47,12.196497,13.291018,1.2537098285673154,1.5572418062991191,0.00015468945129430066,14.752719,15.579884,11.578609,13.874798,14.709532,10.636204,9383.585,3054.774,19272.857,697.511,12,2014,2,365
1764,2015-03-31,TPL.xlsx,47,33.74892,34.73266,1.1954317602152227,1.6567223467216727,0.0011433111542444691,13.291018,14.752719,15.579884,12.196497,13.874798,14.709532,9658.484,3375.333,19260.905,858.02,3,2015,1,90
1765,2015-06-30,TPL.xlsx,47,10.941774,11.787875,1.2331543989286935,1.4624203229007295,0.0,34.73266,13.291018,14.752719,33.74892,12.196497,13.874798,9445.372,3355.065,20118.767,-56.295,6,2015,1,181
1766,2015-09-30,TPL.xlsx,47,17.225918,18.179458,1.1620518942967861,1.3526768146462937,0.0042398855326667055,11.787875,34.73266,13.291018,10.941774,33.74892,12.196497,9400.599,3488.516,19469.679,264.394,9,2015,2,273
1767,2015-12-31,TPL.xlsx,47,13.338972,14.71486,1.1979814894370506,1.3821170377575585,0.008225131150056998,18.179458,11.787875,34.73266,17.225918,10.941774,33.74892,9201.996,3344.774,19062.961,1020.325,12,2015,3,365
1768,2016-03-31,TPL.xlsx,47,10.804673,11.892161,0.6518470489411662,0.8431156093200898,0.01384422250682509,14.71486,18.179458,11.787875,13.338972,17.225918,10.941774,8873.962,3570.4,19346.261,355.095,3,2016,3,91
1769,2016-06-30,TPL.xlsx,47,15.097626,16.190266,0.7671527501112694,0.9037901879143625,0.007201989813369585,11.892161,14.71486,18.179458,10.804673,13.338972,17.225918,8662.136,3603.839,19753.69,571.888,6,2016,3,182
1770,2016-09-30,TPL.xlsx,47,13.092176,14.265752,0.6648254230017502,0.8085686593803502,0.00843503175629392,16.190266,11.892161,14.71486,15.097626,10.804673,13.338972,8803.808,3544.323,19684.138,23.902,9,2016,4,274
1771,2016-12-31,TPL.xlsx,47,16.071576,17.563218,0.6597524346645895,0.7981625750697652,0.037768746794272834,14.265752,16.190266,11.892161,13.092176,15.097626,10.804673,8874.755,3395.032,19289.554,778.953,12,2016,5,366
1772,2017-03-31,TPL.xlsx,47,28.886,30.407,0.7936641526893502,1.1348382084383852,0.0661477253070403,17.563218,14.265752,16.190266,16.071576,13.092176,15.097626,9101.383,3682.233,19621.157,-95.43,3,2017,4,90
1773,2017-06-30,TPL.xlsx,47,30.379,32.293,0.9092586849707596,1.2654759398520572,0.05573792016806723,30.407,17.563218,14.265752,28.886,16.071576,13.092176,9246.986,3822.097,20125.278,-374.882,6,2017,4,181
1774,2017-09-30,TPL.xlsx,47,49.306,51.977,0.9810329220444891,1.5098211187337165,0.08805412501262244,32.293,30.407,17.563218,30.379,28.886,16.071576,9668.587,4019.742,19970.876,-1161.213,9,2017,5,273
1775,2017-12-31,TPL.xlsx,47,52.249752,54.401992,1.06558135954418,1.2732686705274376,0.204878643714784,51.977,32.293,30.407,49.306,30.379,28.886,10001.026,3852.968,20564.365,-405.156,12,2017,6,365
1776,2018-03-31,TPL.xlsx,47,54.481,60.007,1.2802339853388855,1.7174033661129062,0.2297349072266516,54.401992,51.977,32.293,52.249752,49.306,30.379,10499.861,4285.767,20038.353,118.572,3,2018,5,90
1777,2018-06-30,TPL.xlsx,47,65.505,73.844,1.2413993324655597,1.5653943838934266,0.32786264169242896,60.007,54.401992,51.977,54.481,52.249752,49.306,10897.23,4451.677,20671.374,185.729,6,2018,5,181
1778,2018-09-30,TPL.xlsx,47,62.957,73.168,1.0847614191827122,1.3839647010275145,0.13260449554686396,73.844,60.007,54.401992,65.505,54.481,52.249752,11508.62,4587.677,20785.793,-520.494,9,2018,6,273
1779,2018-12-31,TPL.xlsx,47,77.889,93.201,1.0354442588838733,1.1992052992128328,0.18474282167872025,73.168,73.844,60.007,62.957,65.505,54.481,11868.52,4554.065,20614.981,246.004,12,2018,0,365
1780,2019-03-31,TPL.xlsx,47,175.152992,191.324,1.1334900358559683,1.377056875200679,0.3198286413042788,93.201,73.168,73.844,77.889,62.957,65.505,12148.594,4790.233,20332.6,596.143,3,2019,6,90
1781,2019-06-30,TPL.xlsx,47,62.442,87.31,0.9465327557154227,1.1304224344403349,0.711325729798886,191.324,93.201,73.168,175.152992,77.889,62.957,11902.106,4707.323,20734.572,158.326,6,2019,6,181
1782,2019-09-30,TPL.xlsx,47,73.818,98.53,0.8420874081800441,0.9782384898362887,0.06495844694647028,87.31,191.324,93.201,62.442,175.152992,77.889,12809.474,5022.258,20713.986,-531.711,9,2019,0,273
1783,2019-12-31,TPL.xlsx,47,88.16,113.332,0.7217155646880394,0.8422732774157404,0.0,98.53,87.31,191.324,73.818,62.442,175.152992,12852.266,5205.774,19933.39,581.083,12,2019,1,365
1784,2020-03-31,TPL.xlsx,47,70.542,96.594,0.4973508601620687,0.6061308340481024,0.10161484629857737,113.332,98.53,87.31,88.16,73.818,62.442,11913.743,4934.267,14548.505,2657.878,3,2020,1,91
1785,2020-06-30,TPL.xlsx,47,34.74,57.284,0.42100958305643266,0.5001045200883724,0.022359310739757405,96.594,113.332,98.53,70.542,88.16,73.818,11005.949,5367.581,18381.073,-116.069,6,2020,1,182
1790,2012-03-31,BATL.xlsx,48,-9.682,26.869,-0.05430639473930344,0.0,10.32508389261745,25.626,24.197,25.988,1.152,5.741,6.107,6320.018,2378.833,18162.625,73.839,3,2012,5,91
1791,2012-06-30,BATL.xlsx,48,-1.645,24.374,-0.05286041398231807,-0.3557598586541533,98.86248242317048,26.869,25.626,24.197,-9.682,1.152,5.741,6431.241,2326.581,18540.192,60.797,6,2012,5,182
1792,2012-09-30,BATL.xlsx,48,16.171,75.549,-0.020534728943295954,-0.21131148373380043,14.38949671772429,24.374,26.869,25.626,-1.645,-9.682,1.152,6969.575,2506.774,18707.948,-311.896,9,2012,6,274
1793,2012-12-31,BATL.xlsx,48,16.218,128.562,-0.006366283526146852,-0.15052455979257345,6.789516196418127,75.549,24.374,26.869,16.171,-1.645,-9.682,7083.902,2378.742,18735.783,98.436,12,2012,0,366
1794,2013-03-31,BATL.xlsx,48,32.889,189.231008,0.00983043934513646,-0.044533902924538585,3.6209873056724518,128.562,75.549,24.374,16.218,16.171,-1.645,7374.717,2513.2,18594.266,468.871,3,2013,6,90
1795,2013-06-30,BATL.xlsx,48,31.504,213.928,0.012503430120574295,0.027860313222943987,5.514559884151044,189.231008,128.562,75.549,32.889,16.218,16.171,7522.913,2618.387,19259.928,-35.322,6,2013,6,181
1796,2013-09-30,BATL.xlsx,48,42.408,288.675008,-0.0011563386775608852,-0.007191224214436899,4.5286098296607165,213.928,189.231008,128.562,31.504,32.889,16.218,7761.289,2766.452,19322.771,-766.779,9,2013,0,273
1797,2013-12-31,BATL.xlsx,48,35.661,286.588992,-0.04942348875162697,-0.18814062941507412,3.164139701788693,288.675008,213.928,189.231008,42.408,31.504,32.889,8078.372,2695.484,19102.562,-437.69,12,2013,1,365
1798,2014-03-31,BATL.xlsx,48,50.9,268.408992,-0.05242254400307173,-0.17845678166366458,2.6147335158753275,286.588992,288.675008,213.928,35.661,42.408,31.504,8527.393,2950.2,18834.401,930.656,3,2014,0,90
1799,2014-06-30,BATL.xlsx,48,80.538,311.999008,-0.04971730658432831,-0.16654944992058526,2.017601061916023,268.408992,286.588992,288.675008,50.9,35.661,42.408,8847.519,3114.806,19247.071,140.575,6,2014,0,181
1800,2014-09-30,BATL.xlsx,48,65.892,300.083008,-0.02711714341016448,-0.10922530207192865,1.6579278876116719,311.999008,268.408992,286.588992,80.538,50.9,35.661,9266.317,3196.323,19700.626,-198.734,9,2014,1,273
1801,2014-12-31,BATL.xlsx,48,37.477,280.2,0.027331298093770395,0.08913185600634609,1.892974496526679,300.083008,311.999008,268.408992,65.892,80.538,50.9,9383.585,3054.774,19272.857,697.511,12,2014,2,365
1802,2015-03-31,BATL.xlsx,48,49.052,243.943008,0.026062127195132713,0.0840458160767674,1.5844658202955637,280.2,300.083008,311.999008,37.477,65.892,80.538,9658.484,3375.333,19260.905,858.02,3,2015,1,90
1803,2015-06-30,BATL.xlsx,48,88.052,256.172,0.021100410926756182,0.06928901138676015,0.7626382132501176,243.943008,280.2,300.083008,49.052,37.477,65.892,9445.372,3355.065,20118.767,-56.295,6,2015,1,181
1804,2015-09-30,BATL.xlsx,48,101.697,244.819008,-0.007558866088078176,-0.10347006363017665,0.69972547847552,256.172,243.943008,280.2,88.052,49.052,37.477,9400.599,3488.516,19469.679,264.394,9,2015,2,273
1805,2015-12-31,BATL.xlsx,48,110.428,244.89,-0.07244367758735475,0.0,0.7201502984690163,244.819008,256.172,243.943008,101.697,88.052,49.052,9201.996,3344.774,19062.961,1020.325,12,2015,3,365
1806,2016-03-31,BATL.xlsx,48,72.7,189.068992,-0.08247045716872901,0.0,0.905120574811891,244.89,244.819008,256.172,110.428,101.697,88.052,8873.962,3570.4,19346.261,355.095,3,2016,3,91
1807,2016-06-30,BATL.xlsx,48,90.878,186.927008,-0.08404075342968613,0.0,0.40764790217482,189.068992,244.89,244.819008,72.7,110.428,101.697,8662.136,3603.839,19753.69,571.888,6,2016,3,182
1808,2016-09-30,BATL.xlsx,48,79.463,182.451008,-0.0671021510483181,-0.8745604168863307,0.5698295014428111,186.927008,189.068992,244.89,90.878,72.7,110.428,8803.808,3544.323,19684.138,23.902,9,2016,4,274
1809,2016-12-31,BATL.xlsx,48,85.667,192.200992,0.0697405898065182,0.0,0.41848358498967736,182.451008,186.927008,189.068992,79.463,90.878,72.7,8874.755,3395.032,19289.554,778.953,12,2016,5,366
1810,2017-03-31,BATL.xlsx,48,31.774,137.782,0.06598097326834816,0.0,11.984686683630196,192.200992,182.451008,186.927008,85.667,79.463,90.878,9101.383,3682.233,19621.157,-95.43,3,2017,4,90
1811,2017-06-30,BATL.xlsx,48,13.885,120.137,0.05394703918072183,0.0,6.246466944456377,137.782,192.200992,182.451008,31.774,85.667,79.463,9246.986,3822.097,20125.278,-374.882,6,2017,4,181
1812,2017-09-30,BATL.xlsx,48,-3.491,96.953,0.03364378864993729,0.01714459810542149,3.6093003438936058,120.137,137.782,192.200992,13.885,31.774,85.667,9668.587,4019.742,19970.876,-1161.213,9,2017,5,273
1813,2017-12-31,BATL.xlsx,48,-10.995,25.277,-0.013485011664656576,0.0,-222.61914259429625,96.953,120.137,137.782,-3.491,13.885,31.774,10001.026,3852.968,20564.365,-405.156,12,2017,6,365
1814,2018-03-31,BATL.xlsx,48,-2.905,44.045,-0.019754040581051242,-0.09172857195404503,22.551123337918384,25.277,96.953,120.137,-10.995,-3.491,13.885,10499.861,4285.767,20038.353,118.572,3,2018,5,90
1815,2018-06-30,BATL.xlsx,48,34.773,81.189,-0.00645937086577176,-0.014044693588776878,6.742809962845741,44.045,25.277,96.953,-2.905,-10.995,-3.491,10897.23,4451.677,20671.374,185.729,6,2018,5,181
1816,2018-09-30,BATL.xlsx,48,3.975,51.952,-0.0062493311036840886,-0.011740424722778451,5.697672896826965,81.189,44.045,25.277,34.773,-2.905,-10.995,11508.62,4587.677,20785.793,-520.494,9,2018,6,273
1817,2018-12-31,BATL.xlsx,48,-3.639,57.774,0.05947409517422591,0.09769478224387593,6.600256011703392,51.952,81.189,44.045,3.975,34.773,-2.905,11868.52,4554.065,20614.981,246.004,12,2018,0,365
1818,2019-03-31,BATL.xlsx,48,-3.952,51.916,-0.00023990778266373198,-0.00044616068842122245,3.487656202377324,57.774,51.952,81.189,-3.639,3.975,34.773,12148.594,4790.233,20332.6,596.143,3,2019,6,90
1819,2019-06-30,BATL.xlsx,48,-13.896,62.624,-0.01329229753268925,-0.03089131065208294,3.3899459021823133,51.916,57.774,51.952,-3.952,-3.639,3.975,11902.106,4707.323,20734.572,158.326,6,2019,6,181
1820,2019-09-30,BATL.xlsx,48,-12.394,50.809,-0.012553693516006608,-0.03312540360083906,4.624046699934093,62.624,51.916,57.774,-13.896,-3.952,-3.639,12809.474,5022.258,20713.986,-531.711,9,2019,0,273
1821,2019-12-31,BATL.xlsx,48,12.556,67.571,0.033541520974534174,0.059125554232869366,1.3175057905644276,50.809,62.624,51.916,-12.394,-13.896,-3.952,12852.266,5205.774,19933.39,581.083,12,2019,1,365
1822,2020-03-31,BATL.xlsx,48,5.066,53.32,0.02727773939946403,0.05329802960817883,2.061868470628532,67.571,50.809,62.624,12.556,-12.394,-13.896,11913.743,4934.267,14548.505,2657.878,3,2020,1,91
1823,2020-06-30,BATL.xlsx,48,8.005,50.954,0.04226540658245601,0.1411264579013873,1.7976508944992475,53.32,67.571,50.809,5.066,12.556,-12.394,11005.949,5367.581,18381.073,-116.069,6,2020,1,182
1831,2012-03-31,REI.xlsx,49,0.0,0.0,0.0,0.0,0.0,0.0,0.0,0.328003,0.0,0.0,-0.589127,6320.018,2378.833,18162.625,73.839,3,2012,5,91
1835,2013-12-31,REI.xlsx,49,1.610084,5.051434,0.0,0.0,5.765623847399106,2.820731,1.291579,1.151957,-0.143735,-0.890393,-0.96528,8078.372,2695.484,19102.562,-437.69,12,2013,1,365
1836,2014-03-31,REI.xlsx,49,1.824355,5.970452,0.023183179153767493,0.025819603671630824,6.552335021885194,5.051434,2.820731,1.291579,1.610084,-0.143735,-0.890393,8527.393,2950.2,18834.401,930.656,3,2014,0,90
1837,2014-06-30,REI.xlsx,49,4.459373,11.204238,0.054278254129187936,0.059487832980228826,3.3459573660145927,5.970452,5.051434,2.820731,1.824355,1.610084,-0.143735,8847.519,3114.806,19247.071,140.575,6,2014,0,181
1838,2014-09-30,REI.xlsx,49,2.724204,10.929771,0.06982852234701621,0.07848654252972033,3.4407724427738082,11.204238,5.970452,5.051434,4.459373,1.824355,1.610084,9266.317,3196.323,19700.626,-198.734,9,2014,1,273
1839,2014-12-31,REI.xlsx,49,3.582346,9.984982,0.060283169746552824,0.06869720556932868,5.569647000472206,10.929771,11.204238,5.970452,2.724204,4.459373,1.824355,9383.585,3054.774,19272.857,697.511,12,2014,2,365
1840,2015-03-31,REI.xlsx,49,-1.549389,6.045701,0.04410571895602449,0.05092708060372423,4.649143977245572,9.984982,10.929771,11.204238,3.582346,2.724204,4.459373,9658.484,3375.333,19260.905,858.02,3,2015,1,90
1841,2015-06-30,REI.xlsx,49,1.019686,8.97679,0.019874495769301344,0.02427945344406704,18.868282600570595,6.045701,9.984982,10.929771,-1.549389,3.582346,2.724204,9445.372,3355.065,20118.767,-56.295,6,2015,1,181
1842,2015-09-30,REI.xlsx,49,-1.473514,8.629007,0.005546149400293325,0.006794305834860563,2.964983837996218,8.97679,6.045701,9.984982,1.019686,-1.549389,3.582346,9400.599,3488.516,19469.679,264.394,9,2015,2,273
1843,2015-12-31,REI.xlsx,49,-1.998914,7.362394,-0.014335884518596763,-0.018248657587879843,6.482701539480219,8.629007,8.97679,6.045701,-1.473514,1.019686,-1.549389,9201.996,3344.774,19062.961,1020.325,12,2015,3,365
1844,2016-03-31,REI.xlsx,49,-2.421394,6.092388,-0.01670507333902796,-0.021548098318514813,4.008965992727332,7.362394,8.629007,8.97679,-1.998914,-1.473514,1.019686,8873.962,3570.4,19346.261,355.095,3,2016,3,91
1845,2016-06-30,REI.xlsx,49,-0.064099,7.104609,-0.013808249787163248,-0.016174776354267346,1.7968623141327866,6.092388,7.362394,8.629007,-2.421394,-1.998914,-1.473514,8662.136,3603.839,19753.69,571.888,6,2016,3,182
1846,2016-09-30,REI.xlsx,49,0.527741,7.822543,-0.007710015693195926,-0.009122866280438163,4.500747764619848,7.104609,6.092388,7.362394,-0.064099,-2.421394,-1.998914,8803.808,3544.323,19684.138,23.902,9,2016,4,274
1847,2016-12-31,REI.xlsx,49,1.438007,9.830708,-0.003238264937165615,-0.0037931189830605985,3.6501064087282558,7.822543,7.104609,6.092388,0.527741,-0.064099,-2.421394,8874.755,3395.032,19289.554,778.953,12,2016,5,366
1848,2017-03-31,REI.xlsx,49,2.502852,12.243793,0.0062041915753486415,0.007437337322702996,4.439996780924333,9.830708,7.822543,7.104609,1.438007,0.527741,-0.064099,9101.383,3682.233,19621.157,-95.43,3,2017,4,90
1849,2017-06-30,REI.xlsx,49,2.621612,14.503309,0.010888802392754342,0.011825411996763584,6.130544861987013,12.243793,9.830708,7.822543,2.502852,1.438007,0.527741,9246.986,3822.097,20125.278,-374.882,6,2017,4,181
1850,2017-09-30,REI.xlsx,49,4.292081,16.64393,0.018605668649151714,0.020078200087215583,4.465409744792309,14.503309,12.243793,9.830708,2.621612,2.502852,1.438007,9668.587,4019.742,19970.876,-1161.213,9,2017,5,273
1851,2017-12-31,REI.xlsx,49,6.430699,23.188772,0.03127769572212663,0.034881106797822824,2.8780801169664207,16.64393,14.503309,12.243793,4.292081,2.621612,2.502852,10001.026,3852.968,20564.365,-405.156,12,2017,6,365
1852,2018-03-31,REI.xlsx,49,9.460094,28.416364,0.04047311816843174,0.04408126164991181,2.012258238077592,23.188772,16.64393,14.503309,6.430699,4.292081,2.621612,10499.861,4285.767,20038.353,118.572,3,2018,5,90
1853,2018-06-30,REI.xlsx,49,6.995133,27.522456,0.047937064146553465,0.05341881545877579,4.996189165690992,28.416364,23.188772,16.64393,9.460094,6.430699,4.292081,10897.23,4451.677,20671.374,185.729,6,2018,5,181
1854,2018-09-30,REI.xlsx,49,6.892256,29.964404,0.04998080687258154,0.05645321244067034,2.5463301542629058,27.522456,28.416364,23.188772,6.995133,9.460094,6.430699,11508.62,4587.677,20785.793,-520.494,9,2018,6,273
1855,2018-12-31,REI.xlsx,49,-0.367937,23.008432,0.03477678688635799,0.04165253870374992,4.103427355436404,29.964404,27.522456,28.416364,6.892256,6.995133,9.460094,11868.52,4554.065,20614.981,246.004,12,2018,0,365
1856,2019-03-31,REI.xlsx,49,10.235485,41.798316,0.02172424268976308,0.03329155926672842,2.3996536084895275,23.008432,29.964404,27.522456,-0.367937,6.892256,6.995133,12148.594,4790.233,20332.6,596.143,3,2019,6,90
1857,2019-06-30,REI.xlsx,49,17.636416,51.334224,0.025459675851489776,0.03856570508882696,9.031168047186856,41.798316,23.008432,29.964404,10.235485,-0.367937,6.892256,11902.106,4707.323,20734.572,158.326,6,2019,6,181
1858,2019-09-30,REI.xlsx,49,14.34241,50.339104,0.026568617410525075,0.040391286846205035,1.251425762836165,51.334224,41.798316,23.008432,17.636416,10.235485,-0.367937,12809.474,5022.258,20713.986,-531.711,9,2019,0,273
1859,2019-12-31,REI.xlsx,49,17.922018,52.231184,0.0420056179614191,0.06560293381817096,0.0,50.339104,51.334224,41.798316,14.34241,17.636416,10.235485,12852.266,5205.774,19933.39,581.083,12,2019,1,365
1860,2020-03-31,REI.xlsx,49,10.081718,39.570328,0.027281366411193823,0.050668079849339555,1.0361087198638461,52.231184,50.339104,51.334224,17.922018,14.34241,17.636416,11913.743,4934.267,14548.505,2657.878,3,2020,1,91
1861,2020-06-30,REI.xlsx,49,-8.907754,10.636593,0.00818338501050796,0.015574055857111467,-6.451947008664614,39.570328,52.231184,50.339104,10.081718,17.922018,14.34241,11005.949,5367.581,18381.073,-116.069,6,2020,1,182
1866,2012-03-31,CPE.xlsx,50,2.716,29.294,0.30984262440506405,0.66692283685269,2.9917773977108277,31.811,33.55,36.834,9.108,10.524,14.201,6320.018,2378.833,18162.625,73.839,3,2012,5,91
1867,2012-06-30,CPE.xlsx,50,2.759,25.36,0.2405902911412913,0.49372859154669735,1.8099538430664257,29.294,31.811,33.55,2.716,9.108,10.524,6431.241,2326.581,18540.192,60.797,6,2012,5,182
1868,2012-09-30,CPE.xlsx,50,2.563,27.402,0.203119492650453,0.4220252387419071,2.8782567821649208,25.36,29.294,31.811,2.759,2.716,9.108,6969.575,2506.774,18707.948,-311.896,9,2012,6,274
1869,2012-12-31,CPE.xlsx,50,3.863,28.711,0.0040921003369524525,0.007516215761505434,0.9998324115971174,27.402,25.36,29.294,2.563,2.759,2.716,7083.902,2378.742,18735.783,98.436,12,2012,0,366
1870,2013-03-31,CPE.xlsx,50,1.52,23.163,0.0025379093126023777,0.004759634929432152,2.3301324246882986,28.711,27.402,25.36,3.863,2.563,2.759,7374.717,2513.2,18594.266,468.871,3,2013,6,90
1871,2013-06-30,CPE.xlsx,50,1.65,23.453,0.0006144069028802166,-0.0021153291169502156,2.234718054019902,23.163,28.711,27.402,1.52,3.863,2.563,7522.913,2618.387,19259.928,-35.322,6,2013,6,181
1872,2013-09-30,CPE.xlsx,50,5.711,30.163,0.007752565747273893,0.003622458670234641,2.3746522755090687,23.453,23.163,28.711,1.65,1.52,3.863,7761.289,2766.452,19322.771,-766.779,9,2013,0,273
1873,2013-12-31,CPE.xlsx,50,4.861,27.161,0.011935780900971287,0.0007879542130050228,3.763441550109072,30.163,23.453,23.163,5.711,1.65,1.52,8078.372,2695.484,19102.562,-437.69,12,2013,1,365
1874,2014-03-31,CPE.xlsx,50,5.883,32.41,0.01790630631139541,0.006429171344448695,3.990049147503185,27.161,30.163,23.453,4.861,5.711,1.65,8527.393,2950.2,18834.401,930.656,3,2014,0,90
1875,2014-06-30,CPE.xlsx,50,10.564,38.856,0.025905264873826616,0.02399691537874431,2.6788858861476768,32.41,27.161,30.163,5.883,4.861,5.711,8847.519,3114.806,19247.071,140.575,6,2014,0,181
1876,2014-09-30,CPE.xlsx,50,11.2,39.195,0.028582753531048985,0.027130277421035142,2.2314824836742795,38.856,32.41,27.161,10.564,5.883,4.861,9266.317,3196.323,19700.626,-198.734,9,2014,1,273
1877,2014-12-31,CPE.xlsx,50,14.297,45.487,0.03034089261949355,0.04192913325948495,1.3263148272289598,39.195,38.856,32.41,11.2,10.564,5.883,9383.585,3054.774,19272.857,697.511,12,2014,2,365
1878,2015-03-31,CPE.xlsx,50,5.877,40.734,0.018794016448466917,0.01746618768273662,2.898087867993285,45.487,39.195,38.856,14.297,11.2,10.564,9658.484,3375.333,19260.905,858.02,3,2015,1,90
1879,2015-06-30,CPE.xlsx,50,11.426,44.207,0.016539924800399487,0.014499475008005684,2.040527227638686,40.734,45.487,39.195,5.877,14.297,11.2,9445.372,3355.065,20118.767,-56.295,6,2015,1,181
1880,2015-09-30,CPE.xlsx,50,13.277,44.105,0.01623830658529031,0.012590705275227083,1.627853803364843,44.207,40.734,45.487,11.426,5.877,14.297,9400.599,3488.516,19469.679,264.394,9,2015,2,273
1881,2015-12-31,CPE.xlsx,50,11.971,43.481,0.013097994127592898,0.009156148347273178,1.6648109566583558,44.105,44.207,40.734,13.277,11.426,5.877,9201.996,3344.774,19062.961,1020.325,12,2015,3,365
1882,2016-03-31,CPE.xlsx,50,7.994,38.414,0.0008652252923894511,-0.018653832682106977,2.104837706752891,43.481,44.105,44.207,11.971,13.277,11.426,8873.962,3570.4,19346.261,355.095,3,2016,3,91
1883,2016-06-30,CPE.xlsx,50,16.409,49.162,-0.019167570670190596,-0.05504064414502799,0.7401757936388075,38.414,43.481,44.105,7.994,11.971,13.277,8662.136,3603.839,19753.69,571.888,6,2016,3,182
1884,2016-09-30,CPE.xlsx,50,21.198,60.018,-0.009829881449831466,-0.029186222078109166,1.2361871002542961,49.162,38.414,43.481,16.409,7.994,11.971,8803.808,3544.323,19684.138,23.902,9,2016,4,274
1885,2016-12-31,CPE.xlsx,50,24.51,71.16,0.004021096844335652,-0.0011833776293470016,1.416911233039854,60.018,49.162,38.414,21.198,16.409,7.994,8874.755,3395.032,19289.554,778.953,12,2016,5,366
1886,2017-03-31,CPE.xlsx,50,30.208,78.872,0.021915821892459438,0.02629356196801465,1.19974610083424,71.16,60.018,49.162,24.51,21.198,16.409,9101.383,3682.233,19621.157,-95.43,3,2017,4,90
1887,2017-06-30,CPE.xlsx,50,25.849,82.016,0.0367161472698219,0.05172083005417236,1.5192914433420766,78.872,71.16,60.018,30.208,24.51,21.198,9246.986,3822.097,20125.278,-374.882,6,2017,4,181
1888,2017-09-30,CPE.xlsx,50,30.417,83.4,0.035842471574095564,0.04801693956462405,2.0340895732925826,82.016,78.872,71.16,25.849,30.208,24.51,9668.587,4019.742,19970.876,-1161.213,9,2017,5,273
1889,2017-12-31,CPE.xlsx,50,49.414,113.713,0.022028254968792654,0.02749828296615537,1.7616347938501318,83.4,82.016,78.872,30.417,25.849,30.208,10001.026,3852.968,20564.365,-405.156,12,2017,6,365
1890,2018-03-31,CPE.xlsx,50,53.075,118.981,0.04215654897094255,0.057373608801337364,1.2489202499411045,113.713,83.4,82.016,49.414,30.417,25.849,10499.861,4285.767,20038.353,118.572,3,2018,5,90
1891,2018-06-30,CPE.xlsx,50,61.187,129.095,0.046094442298728236,0.06879757638139188,1.8597251774812575,118.981,113.713,83.4,53.075,49.414,30.417,10897.23,4451.677,20671.374,185.729,6,2018,5,181
1892,2018-09-30,CPE.xlsx,50,65.007,151.975008,0.05419680621852847,0.08253223619412149,1.3772283829309377,129.095,118.981,113.713,61.187,53.075,49.414,11508.62,4587.677,20785.793,-520.494,9,2018,6,273
1893,2018-12-31,CPE.xlsx,50,58.072,160.300992,0.10075402658491203,0.16028561640316166,1.316355858177118,151.975008,129.095,118.981,65.007,61.187,53.075,11868.52,4554.065,20614.981,246.004,12,2018,0,365
1894,2019-03-31,CPE.xlsx,50,43.049,153.047008,0.11135653981406807,0.18091665261700146,1.7055153152198859,160.300992,151.975008,129.095,58.072,65.007,61.187,12148.594,4790.233,20332.6,596.143,3,2019,6,90
1895,2019-06-30,CPE.xlsx,50,57.373,165.895008,0.10289537620050931,0.16709925206830542,1.2655819945484172,153.047008,160.300992,151.975008,43.049,58.072,65.007,11902.106,4707.323,20734.572,158.326,6,2019,6,181
1896,2019-09-30,CPE.xlsx,50,59.485,156.388992,0.09687722427630664,0.15618742048008874,1.1560664118950514,165.895008,153.047008,160.300992,57.373,43.049,58.072,12809.474,5022.258,20713.986,-531.711,9,2019,0,273
1897,2019-12-31,CPE.xlsx,50,83.321,192.742,0.03099578081537362,0.05881384671037276,0.8674980576750306,156.388992,165.895008,153.047008,59.485,57.373,43.049,12852.266,5205.774,19933.39,581.083,12,2019,1,365
1898,2020-03-31,CPE.xlsx,50,63.69,289.919008,0.033393669223555675,0.0625515635304997,1.0565739302358423,192.742,156.388992,165.895008,83.321,59.485,57.373,11913.743,4934.267,14548.505,2657.878,3,2020,1,91
1899,2020-06-30,CPE.xlsx,50,-77.091,157.234,0.029447130459770966,0.06345935379291276,2.6349422442666124,289.919008,192.742,156.388992,63.69,83.321,59.485,11005.949,5367.581,18381.073,-116.069,6,2020,1,182
1904,2011-09-30,MCF.xlsx,51,25.086,44.203,0.10085593573884923,0.14844414451369214,0.3184063037567283,40.06064,51.805,48.236,27.735108,25.796,15.736,5902.495,2313.097,18816.849,-394.828,9,2011,4,273
1905,2011-12-31,MCF.xlsx,51,31.024,53.907,0.11793543597797498,0.16935019144062327,0.034806220686250305,44.203,40.06064,51.805,25.086,27.735108,25.796,6176.529,2384.032,18298.587,630.154,12,2011,5,365
1906,2012-03-31,MCF.xlsx,51,22.6,41.339,0.11282748847441662,0.15878155963619253,0.1673564558437773,53.907,44.203,40.06064,31.024,25.086,27.735108,6320.018,2378.833,18162.625,73.839,3,2012,5,91
1907,2012-06-30,MCF.xlsx,51,16.612,39.823,0.09387087978287614,0.13291924669435065,0.0705339262075286,41.339,53.907,44.203,22.6,31.024,25.086,6431.241,2326.581,18540.192,60.797,6,2012,5,182
1908,2012-09-30,MCF.xlsx,51,-42.239,29.765,0.027177857033626806,0.03876107970199372,-0.5265815811220272,39.823,41.339,53.907,16.612,22.6,31.024,6969.575,2506.774,18707.948,-311.896,9,2012,6,274
1909,2012-12-31,MCF.xlsx,51,4.082,34.94,-0.0003821043271144152,-0.0005330616134312657,3.462025316455696,29.765,39.823,41.339,-42.239,16.612,22.6,7083.902,2378.742,18735.783,98.436,12,2012,0,366
1910,2013-03-31,MCF.xlsx,51,8.171,31.787,-0.01851481281475684,-0.025529282495694267,0.24784355746048758,34.94,29.765,39.823,4.082,-42.239,16.612,7374.717,2513.2,18594.266,468.871,3,2013,6,90
1911,2013-06-30,MCF.xlsx,51,6.325,66.903,0.02793242522145961,0.040548085284820096,0.0,31.787,34.94,29.765,8.171,4.082,-42.239,7522.913,2618.387,19259.928,-35.322,6,2013,6,181
1912,2014-03-31,MCF.xlsx,51,-4.288,78.555,0.01246807327951862,0.018311644671035424,1.520688052068805,66.903,31.787,34.94,6.325,8.171,4.082,8527.393,2950.2,18834.401,930.656,3,2014,0,90
1913,2014-06-30,MCF.xlsx,51,4.96,77.368,0.015117287898080001,0.022045412686606973,1.4149706872339003,78.555,66.903,31.787,-4.288,6.325,8.171,8847.519,3114.806,19247.071,140.575,6,2014,0,181
1914,2014-09-30,MCF.xlsx,51,10.868,67.323,0.019138376820725778,0.027578435739767555,0.7279162939048581,77.368,78.555,66.903,4.96,-4.288,6.325,9266.317,3196.323,19700.626,-198.734,9,2014,1,273
1915,2014-12-31,MCF.xlsx,51,-9.72,50.23,0.0075778959923850425,0.011451371789119624,1.0690781131118436,67.323,77.368,78.555,10.868,4.96,-4.288,9383.585,3054.774,19272.857,697.511,12,2014,2,365
1916,2015-03-31,MCF.xlsx,51,-27.536154,30.647,-0.014609529990812394,-0.02214001799736994,4.652687229691697,50.23,67.323,77.368,-9.72,10.868,4.96,9658.484,3375.333,19260.905,858.02,3,2015,1,90
1917,2015-06-30,MCF.xlsx,51,-28.683,35.334,-0.04275360778875326,-0.0644280938784028,2.133835630018836,30.647,50.23,67.323,-27.536154,-9.72,10.868,9445.372,3355.065,20118.767,-56.295,6,2015,1,181
1918,2015-09-30,MCF.xlsx,51,-24.397,30.037,-0.10757802899085063,-0.16068868647693285,0.9724068911287439,35.334,30.647,50.23,-28.683,-27.536154,-9.72,9400.599,3488.516,19469.679,264.394,9,2015,2,273
1919,2015-12-31,MCF.xlsx,51,-10.079,22.835,-0.23711512619379677,-0.37104466228083205,0.6737080689029918,30.037,35.334,30.647,-24.397,-28.683,-27.536154,9201.996,3344.774,19062.961,1020.325,12,2015,3,365
1920,2016-03-31,MCF.xlsx,51,-11.281,19.09,-0.22656132469538176,-0.3597600231486503,0.918693009118541,22.835,30.037,35.334,-10.079,-24.397,-28.683,8873.962,3570.4,19346.261,355.095,3,2016,3,91
1921,2016-06-30,MCF.xlsx,51,-8.993,21.61,-0.22676781886407948,-0.36036023030869807,0.28675973879756816,19.09,22.835,30.037,-11.281,-10.079,-24.397,8662.136,3603.839,19753.69,571.888,6,2016,3,182
1922,2016-09-30,MCF.xlsx,51,-12.815,18.957,-0.24889471379427552,-0.38201446978265596,5.302424500212675,21.61,19.09,22.835,-8.993,-11.281,-10.079,8803.808,3544.323,19684.138,23.902,9,2016,4,274
1923,2016-12-31,MCF.xlsx,51,-6.804,21.663,-0.11950433258798306,-0.19989373323303367,0.7327275349776432,18.957,21.61,19.09,-12.815,-8.993,-11.281,8874.755,3395.032,19289.554,778.953,12,2016,5,366
1924,2017-03-31,MCF.xlsx,51,-6.046,19.245,-0.10735783103914745,-0.178332070828421,3.636855895196507,21.663,18.957,21.61,-6.804,-12.815,-8.993,9101.383,3682.233,19621.157,-95.43,3,2017,4,90
1925,2017-06-30,MCF.xlsx,51,-4.449,20.711,-0.0867962807095555,-0.14707358422022793,1.7871748336358138,19.245,21.663,18.957,-6.046,-6.804,-12.815,9246.986,3822.097,20125.278,-374.882,6,2017,4,181
1926,2017-09-30,MCF.xlsx,51,-5.758,19.351,-0.06815080451273266,-0.10778435921070363,3.01508739650414,20.711,19.245,21.663,-4.449,-6.046,-6.804,9668.587,4019.742,19970.876,-1161.213,9,2017,5,273
1927,2017-12-31,MCF.xlsx,51,-4.253,20.359,-0.05020667285641743,-0.08254791162785653,2.0090609555189456,19.351,20.711,19.245,-5.758,-4.449,-6.046,10001.026,3852.968,20564.365,-405.156,12,2017,6,365
1928,2018-03-31,MCF.xlsx,51,-4.683,19.924,-0.05010686357755204,-0.0811545615836344,2.799724233023096,20.359,19.351,20.711,-4.253,-5.758,-4.449,10499.861,4285.767,20038.353,118.572,3,2018,5,90
1929,2018-06-30,MCF.xlsx,51,-4.989,17.63,-0.050842755164196334,-0.08358870452641563,3.067864271457086,19.924,20.359,19.351,-4.683,-4.253,-5.758,10897.23,4451.677,20671.374,185.729,6,2018,5,181
1930,2018-09-30,MCF.xlsx,51,-6.876,19.508,-0.10584356050649646,-0.19507893381112706,2.199431152752217,17.63,19.924,20.359,-4.989,-4.683,-4.253,11508.62,4587.677,20785.793,-520.494,9,2018,6,273
1931,2018-12-31,MCF.xlsx,51,-1.709,18.694,-0.17021781808489483,-0.2978131988018664,2.21681664791901,19.508,17.63,19.924,-6.876,-4.989,-4.683,11868.52,4554.065,20614.981,246.004,12,2018,0,365
1932,2019-03-31,MCF.xlsx,51,-3.246,14.779,-0.1728396457207265,-0.30033928458872855,1.1928074245939677,18.694,19.508,17.63,-1.709,-6.876,-4.989,12148.594,4790.233,20332.6,596.143,3,2019,6,90
1933,2019-06-30,MCF.xlsx,51,-5.861,12.762,-0.17794197445545062,-0.31840497223649283,5.537383177570094,14.779,18.694,19.508,-3.246,-1.709,-6.876,11902.106,4707.323,20734.572,158.326,6,2019,6,181
1934,2019-09-30,MCF.xlsx,51,-7.042,12.547,-0.13972719266506003,-0.26004638921771384,8.071791613722999,12.762,14.779,18.694,-5.861,-3.246,-1.709,12809.474,5022.258,20713.986,-531.711,9,2019,0,273
1935,2019-12-31,MCF.xlsx,51,-1.237,37.193,-0.15946274956937137,-0.38008992972812095,0.9970341715022566,12.547,12.762,14.779,-7.042,-5.861,-3.246,12852.266,5205.774,19933.39,581.083,12,2019,1,365
1936,2020-03-31,MCF.xlsx,51,-5.117,34.573,-0.31118779261424007,-1.0436254599718733,1.1267806267806268,37.193,12.547,12.762,-1.237,-7.042,-5.861,11913.743,4934.267,14548.505,2657.878,3,2020,1,91
1937,2020-06-30,MCF.xlsx,51,-21.275,17.842,-0.41464767314272527,0.0,-0.6367175431007848,34.573,37.193,12.547,-5.117,-1.237,-7.042,11005.949,5367.581,18381.073,-116.069,6,2020,1,182
